% This file was created with JabRef 2.10b2.
% Encoding: UTF-8


@Other{abnTeX22014a,
  Title                    = {A classe abntex2},
  Author                   = {abnTeX2 and Lauro C\'{e}sar Araujo},
  Bdsk-url-1               = {http://code.google.com/p/abntex2/},
  Organization             = {Equipe abnTeX2},
  Subtitle                 = {Modelo can{\^o}nico de trabalhos acad{\^e}micos brasileiros compat\'{i}vel com as normas \textsc{ABNT NBR} 14724:2011, \textsc{{ABNT NBR}} 6024:2012 e outras},
  Timestamp                = {2014.09.27},
  Url                      = {http://abntex2.googlecode.com/},
  Urlaccessdate            = {12 de setembro de 2014},
  Year                     = {2014}
}

@Manual{abnTeX22014b,
  Title                    = {A classe abntex2},
  Author                   = {abnTeX2 and Lauro C\'{e}sar Araujo},
  Organization             = {Equipe abnTeX2},
  Year                     = {2014},

  Bdsk-url-1               = {http://code.google.com/p/abntex2/wiki/Download},
  Pages                    = {46},
  Subtitle                 = {Documentos t\'{e}cnicos e cient\'{i}ficos brasileiros compat\'{i}veis com as normas ABNT},
  Timestamp                = {2014.09.27},
  Url                      = {http://abntex2.googlecode.com/},
  Urlaccessdate            = {12 de setembro de 2014}
}

@Manual{abnTeX22014d,
  Title                    = {O pacote abntex2cite},
  Author                   = {abnTeX2 and Lauro C\â€™{e}sar Araujo},
  Organization             = {Equipe abnTeX2},
  Year                     = {2014},

  Bdsk-url-1               = {http://code.google.com/p/abntex2/wiki/Download},
  Pages                    = {91},
  Subtitle                 = {Estilos bibliogr\'{a}ficos compat\'{i}veis com a ABNT NBR 6023},
  Timestamp                = {2014.09.27},
  Url                      = {http://abntex2.googlecode.com/},
  Urlaccessdate            = {12 de setembro de 2014}
}

@Unpublished{Accioly,
  Title                    = {Publica{\c c}\~ao eletr\^onica \normalfont [mensagem pessoal]},
  Author                   = {F. Accioly},
  Note                     = {Mensagem recebida por $<$mtmendes@uol.com.br$>$ em 26 jan. 2000},
  Year                     = {2000},

  Timestamp                = {2014.09.27}
}

@Book{Albergari1994,
  Title                    = {Cinco anos sem chover},
  Author                   = {Lino Albergaria},
  Publisher                = {FTD},
  Year                     = {1994},

  Address                  = {S\~ao Paulo},
  Edition                  = {12},

  Furtherresp              = {Ilustra{\c c}\~oes de Paulo Lyra},
  Pages                    = {63},
  Subtitle                 = {hist\'oria de {L}ino {A}lbergaria},
  Timestamp                = {2014.09.27}
}

@Article{Alcarde1996,
  Title                    = {O equivalente em carbonato de c\'alcio dos corretivos da acidez dos solos},
  Author                   = {J. C. Alcarde and A. A. Rodella},
  Journal                  = {Scientia Agricola},
  Year                     = {1996},

  Month                    = {mai./dez.},
  Number                   = {2/3},
  Pages                    = {204-210},
  Volume                   = {53},

  Address                  = {Piracicaba},
  Timestamp                = {2014.09.27}
}

@Misc{Alcionep1988,
  Title                    = {Ouro e cobre},

  Author                   = {Alcione},
  HowPublished             = {1~disco sonoro (45~min), 33~1/3 rpm, estero, 12~pol.},
  Year                     = {p1988},

  Address                  = {S\~ao Paulo},
  Furtherresp              = {Dire{\c c}\~ao artistica: Miguel Propschi},
  Publisher                = {RCA Victor},
  Timestamp                = {2014.09.27}
}

@InBook{Alcionep1988a,
  Title                    = {Toque macio. {A. Gino. [Compositor]}},
  Author                   = {Alcione},
  Publisher                = {RCA Victor},
  Year                     = {p1988},

  Address                  = {S\~ao Paulo},
  Note                     = {1~disco sonoro (45~min), 33~1/3 rpm, est\'{e}reo, 12~pol. Lado~A, faixa~1 (4~min 3~s)},

  Abnt-note                = {O compositor foi acrescentado ao t\'{i}tulo.},
  Booktitle                = {Ouro e cobre},
  Furtherresp              = {Dire{\c c}\~ao Art\'{i}stica: Miguel Propschi},
  Timestamp                = {2014.09.27}
}

@Book{alighieri1983,
  Title                    = {A divina com\'{e}dia},
  Author                   = {Dante Alighieri},
  Publisher                = {C\'{i}rculo do Livro},
  Year                     = {1983},

  Address                  = {S\~ao Paulo},

  Furtherresp              = {Tradu{\c c}\~ao, pref\'acio e notas: Hern\^ani Donato},
  Pages                    = {344},
  Timestamp                = {2014.09.27}
}

@Book{amaral1994,
  Title                    = {Ensino fundamental},
  Author                   = {Amaral, Sobrinho, J.},
  Publisher                = {IPEA},
  Year                     = {1994},

  Address                  = {Bras\'{i}lia, DF},
  Number                   = {n.~31},
  Series                   = {Texto para discuss\~ao},

  Abnt-note                = {O n\'umero em s\'{e}rie n\~ao deveria de levar o `n.', este exemplo \'{e} uma exce{\c c}\~ao. N\~ao sabemos por que.},
  Pages                    = {8},
  Subtitle                 = {gastos das {U}ni\~ao e do {MEC} em 1991: tend\^encias},
  Timestamp                = {2014.09.27}
}

@MastersThesis{araujo1986,
  Title                    = {M\'ascaras inteiri{\c c}as Tuk\'una},
  Author                   = {U. A. M. Ara\'ujo},
  School                   = {Funda{\c c}\~ao Escola de Sociologia Pol\'{i}tica de S\~ao Paulo},
  Year                     = {1986},

  Address                  = {S\~ao Paulo},
  Type                     = {Mestrado em Ci\^encias Sociais},

  Pagename                 = {f.},
  Pages                    = {102},
  Subtitle                 = {possibilidade de estudo de artefatos de museu para o conhecimento do universo ind\'{i}gena},
  Timestamp                = {2014.09.27},
  Year-presented           = {Dezembro 1985}
}

@Manual{abnTeX22014c,
  Title                    = {O pacote abntex2cite},
  Author                   = { Lauro C\'{e}sar Araujo and abnTeX2 },
  Organization             = {Equipe abnTeX2},
  Year                     = {2014},

  Bdsk-url-1               = {http://code.google.com/p/abntex2/wiki/Download},
  Pages                    = {23},
  Subtitle                 = {T\'{o}picos espec\'{i}ficos da ABNT NBR 10520:2002 e o estilo bibliogr\'{a}fico alfab\'{e}tico (sistema autor-data)},
  Timestamp                = {2014.09.27},
  Url                      = {http://abntex2.googlecode.com/},
  Urlaccessdate            = {12 de setembro de 2014}
}

@Book{arbex1993,
  Title                    = {Nacionalismo},
  Author                   = {Arbex, Junior, J.},
  Publisher                = {Scipione},
  Year                     = {1993},

  Address                  = {S\~ao Paulo},
  Series                   = {Hist\'oria em aberto},

  Dimensions               = {23~cm},
  Pages                    = {104},
  Subtitle                 = {o desafio \`a nova ordem p\'os-socialista},
  Timestamp                = {2014.09.27}
}

@Book{azevedo1994,
  Title                    = {Viva vida},
  Author                   = {M. R. de Azevedo},
  Publisher                = {FTD},
  Year                     = {1994},

  Address                  = {S\~ao Paulo},

  Illustrated              = {il. color.},
  Pages                    = {194},
  Subtitle                 = {estudos sociais, 4.},
  Timestamp                = {2014.09.27}
}

@Book{Barabasi2002,
  Title                    = {Linked: The New Science of Networks},
  Author                   = {A. L. Barabasi},
  Publisher                = {Perseus Publishing},
  Year                     = {2002},

  Timestamp                = {2014.09.27}
}

@Book{Barbosa2004,
  Title                    = {Testando a utiliza{\c c}\~ao de ``et al.''},
  Author                   = {Carlos Barbosa and {Maria da} Silva Cardoso and {Tenitos da} Silva and Carminda Soares},
  Publisher                = {Editora},
  Year                     = {2004},

  Address                  = {Cidade},
  Edition                  = {2},

  Page                     = {5},
  Timestamp                = {2014.09.24}
}

@PhdThesis{barcelos1998,
  Title                    = {Ensaio tecnol\'ogico, bioqu\'{i}mico e sensorial de soja e gandu enlatados no est\'agio verde e matura{\c c}\~ao de colheita},
  Author                   = {M. F. P. Barcelos},
  School                   = {Faculdade de Engenharia de Alimentos, Universidade Estadual de Campinas},
  Year                     = {1998},

  Address                  = {Campinas},
  Type                     = {Doutorado em Nutri{\c c}\~ao -- \'{a}rea de concentra{\c c}\~ao},

  Pagename                 = {f.},
  Pages                    = {160},
  Timestamp                = {2014.09.27},
  Year-presented           = {Dezembro 1997}
}

@Article{barros1995,
  Title                    = {Minist\'{e}rio {P}\'ublico: sua legitima{\c c}\~ao frente ao {C}\'odigo do {C}onsumidor},
  Author                   = {R. G. de Barros},
  Journal                  = {Revista Trimestral de Jurisprud\^encia dos Estados},
  Year                     = {1995},

  Month                    = {ago.},
  Number                   = {139},
  Pages                    = {53-72},
  Volume                   = {19},

  Address                  = {S\~ao Paulo},
  Timestamp                = {2014.09.27}
}

@Misc{bart1952,
  Title                    = {O mandarim maravilhoso},

  Author                   = {B. Bart\'ok},
  HowPublished             = {1 partitura (73 p.). Orquestra},
  Year                     = {1952},

  Address                  = {Wien},
  Publisher                = {Universal},
  Subtitle                 = {op. 19},
  Timestamp                = {2014.09.27}
}

@Book{batista1992,
  Title                    = {O foguete do {G}uido},
  Author                   = {Z. Batista and N. Batista},
  Publisher                = {Ed. do Brasil},
  Year                     = {1992},

  Address                  = {S\~ao Paulo},

  Furtherresp              = {Ilustra{\c c}\~oes de Marilda Castanha},
  Illustrated              = {principalmente il. color.},
  Pages                    = {15},
  Timestamp                = {2014.09.27}
}

@Article{benetton1993,
  Title                    = {Terapia ocupacional e reabilita{\c c}\~ao psicossocial},
  Author                   = {M. J. Benetton},
  Journal                  = {Revista de Terapia Ocupacional da Universidade de S\~ao Paulo},
  Year                     = {1993},

  Month                    = {mar.},
  Number                   = {3},
  Pages                    = {11-16},
  Volume                   = {4},

  Address                  = {S\~ao Paulo},
  Subtitle                 = {uma rela{\c c}\~ao poss\'{i}vel},
  Timestamp                = {2014.09.27}
}

@Misc{BibTeX2014,
  Title                    = {BibTeX.org},

  Author                   = {BibTeX},
  Year                     = {2014},

  Timestamp                = {2014.09.27},
  Url                      = {http://www.bibtex.org},
  Urlaccessdate            = {31 de julho de 2014}
}

@InProceedings{brayner1994,
  Title                    = {Incorpora{\c c}\~ao do tempo em {SGDB} orientado a objetos},
  Author                   = {A. R. A. Brayner and C. B. Medeiros},
  Booktitle                = {Anais...},
  Year                     = {1994},

  Address                  = {S\~ao Paulo},
  Organization             = {Simp\'osio Brasileiro de Banco de Dados},
  Pages                    = {16-29},
  Publisher                = {USP},

  Conference-location      = {S\~ao Paulo},
  Conference-number        = {9},
  Conference-year          = {1994},
  Timestamp                = {2014.09.27}
}

@Book{alves1995,
  Title                    = {Ci\^encia criminal},
  Author                   = {Roque de Brito Alves},
  Publisher                = {Forense},
  Year                     = {1995},

  Address                  = {Rio de Janeiro},

  Timestamp                = {2014.09.27}
}

@Book{Buerger1989,
  Title                    = {LaTeX for scientists and engineers},
  Author                   = {Buerger, David John},
  Publisher                = {McGraw-Hill},
  Year                     = {1989},

  Address                  = {Singapura},

  Timestamp                = {2014.09.27}
}

@Book{cardim1984,
  Title                    = {Constitui o ensino de 2$^o$ grau regular noturno uma verdadeira educa{\c c}\~ao de adultos?},
  Author                   = {M. S. Cardim},
  Publisher                = {Universidade Federal do Paran\'a, Setor de Educa{\c c}\~ao},
  Year                     = {1984},

  Address                  = {Curitiba},
  Note                     = {3 microfichas. Redu{\c c}\~ao de 1:24.000},

  Timestamp                = {2014.09.27}
}

@Book{carruth1993,
  Title                    = {A nova casa do {B}ebeto},
  Author                   = {J. Carruth},
  Publisher                = {C\'{i}rculo do Livro},
  Year                     = {1993},

  Address                  = {S\~ao Paulo},
  Note                     = {T\'{i}tulo original: Moving House},

  Furtherresp              = {Desenhos de Tony Hutchings. Tradu{\c c}\~ao Ruth Rocha},
  Pages                    = {21},
  Timestamp                = {2014.09.27}
}

@Article{Carvalho2001,
  Title                    = {Intelig{\^e}ncia competitiva numa vis\~ao de futuro},
  Author                   = {Cl\â€™{a}udia Carvalho and Jos\'{e} Fajardo and Joaquim Cruz},
  Journal                  = {DataGramaZero - Revista da Ci{\^e}ncia da Informa{\c c}\~ao},
  Year                     = {2001},
  Number                   = {3},
  Pages                    = {12--16},
  Volume                   = {2},

  Mounth                   = {junho},
  Subtitle                 = {proposta metodol\'{o}gica},
  Timestamp                = {2014.09.27}
}

@Book{carvalho1994,
  Title                    = {Guia pr\'atico do alfabetizador},
  Author                   = {M. Carvalho},
  Publisher                = {\'Atica},
  Year                     = {1994},

  Address                  = {S\~ao Paulo},
  Number                   = {243},
  Series                   = {Princ\'{i}pios},

  Dimensions               = {21~cm},
  Pages                    = {95},
  Timestamp                = {2014.09.27}
}

@Book{cesar1994,
  Title                    = {A bala e a mitra},
  Author                   = {A. M. Cesar},
  Publisher                = {Baga{\c c}o},
  Year                     = {1994},

  Address                  = {Recife},

  Pages                    = {267},
  Timestamp                = {2014.09.27}
}

@Article{Chakrabarti2006,
  Title                    = {Graph Mining: Laws, Generators, and Algorithms},
  Author                   = {Deepayan Chakrabarti and Christos Faloutsos},
  Journal                  = {ACM Computing Surveys},
  Year                     = {2006},
  Number                   = {1},
  Pages                    = {2-59},
  Volume                   = {38},

  Address                  = {New York, NY, USA},
  Publisher                = {ACM},
  Timestamp                = {2014.09.27}
}

@Book{chemello1993,
  Title                    = {L\~as, linhas e retalhos},
  Author                   = {T. Chemello},
  Publisher                = {Global},
  Year                     = {1993},

  Address                  = {S\~ao Paulo},
  Edition                  = {3},

  Dimensions               = {16~cm {$\times$}~23~cm},
  Pages                    = {61},
  Timestamp                = {2014.09.27}
}

@Book{chueire1994,
  Title                    = {Marca angelical},
  Author                   = {C. Chueire},
  Publisher                = {Vozes},
  Year                     = {1994},

  Address                  = {Petr\'opolis},

  Dimensions               = {20~cm},
  Furtherresp              = {Ilustra{\c c}\~ao Luciane Fadel},
  Illustrated              = {somente il.},
  ISBN                     = {85-326-1087-0},
  Pages                    = {18},
  Timestamp                = {2014.09.27}
}

@Book{cipolla1993,
  Title                    = {Eu e a escola 2{$^a$} s\'{e}rie},
  Author                   = {S. Cipolla},
  Publisher                = {Paulinas},
  Year                     = {1993},

  Address                  = {S\~ao Paulo},

  Pages                    = {63},
  Timestamp                = {2014.09.27}
}

@Article{Cost1998,
  Title                    = {{\`A} Margem da lei: o {P}rograma {C}omunidade {S}olid\'aria},
  Author                   = {V. R. Costa},
  Journal                  = {Em Pauta},
  Year                     = {1998},
  Number                   = {12},
  Pages                    = {131-148},

  Address                  = {Rio de Janeiro},
  Section                  = {Revista da Faculdade de Servi{\c c}o Social da UERJ},
  Timestamp                = {2014.09.27}
}

@Book{cretella1992,
  Title                    = {Do impeachment no direito brasileiro},
  Author                   = {Cretella, J\'unior, J.},
  Publisher                = {R. dos Tribunais},
  Year                     = {1992},

  Address                  = {[S\~ao Paulo]},

  Pages                    = {~107},
  Timestamp                = {2014.09.27}
}

@Patent{cruvinel1989,
  Title                    = {Medidor digital multisensorial de temperatura para solos},
  Number                   = {BR n. PI 8903105-9},
  Year                     = {1989},
  Author                   = {Paulo Estev{\~a}o Cruvinel},

  HowPublished             = {26 jun. 1989, 30 maio 1995},
  Organization             = {Embrapa. {Unidade de Apoio, Pesquisa e Desenvolvimento de Instrumenta{\c c}\~ao Agropecu\'aria (S\~ao Carlos)}},
  Timestamp                = {2014.09.27}
}

@Misc{CTAN2014,
  Title                    = {The comprehensive TeX archive network},

  Author                   = {CTAN},
  Year                     = {2014},

  Timestamp                = {2014.09.27},
  Url                      = {http://www.ctan.org},
  Urlaccessdate            = {31 de julho de 2014}
}

@Book{daghalian1995,
  Title                    = {L\'ogica e \'algebra de {B}oole},
  Author                   = {J. Daghlian},
  Publisher                = {Atlas},
  Year                     = {1995},

  Address                  = {S\~ao Paulo},
  Edition                  = {4},
  Note                     = {Bibliografia: p.~166--167},

  Dimensions               = {21~cm},
  ISBN                     = {85-224-1256-1},
  Pages                    = {167},
  Timestamp                = {2014.09.27}
}

@Book{diniz1994,
  Title                    = {As pupilas do senhor reitor},
  Author                   = {J{\'u}lio Diniz},
  Publisher                = {\'Atica},
  Year                     = {1994},

  Address                  = {S\~ao Paulo},
  Edition                  = {15},
  Series                   = {S\'{e}rie Bom Livro},

  Pages                    = {263},
  Timestamp                = {2014.09.27}
}

@Misc{duchamp1918,
  Title                    = {Escultura para viajar},

  Author                   = {M. Duchamp},
  HowPublished             = {1 escultura vari\'avel, borracha colorida e cordel, dimens\~oes \textit{ad lib.} Original destru\'{i}do. C\'opia por Richard Hamilton, feita por ocasi\~ao da retrospectiva de Duchamp na Tate Gallery (Londres) em 1966. Cole{\c c}\~ao de Arturo Schwarz. T\'{i}tulo original: Sculpture for travelling},
  Year                     = {1918},

  Timestamp                = {2014.09.27}
}

@Book{duran1993,
  Title                    = {Ilumina{\c c}\~ao para v\'{i}deo e cinema},
  Author                   = {J. J. Duran},
  Year                     = {1993},

  Address                  = {S\~ao Paulo},

  Dimensions               = {21~cm},
  Pages                    = {126},
  Timestamp                = {2014.09.27}
}

@Misc{fagner1988,
  Title                    = {Revela{\c c}\~ao},

  Author                   = {R. Fagner},
  HowPublished             = {1~fita cassete (60~min), 3~3/4 pps., estereo},
  Year                     = {1988},

  Address                  = {Rio de Janeiro},
  Publisher                = {CBS},
  Timestamp                = {2014.09.27}
}

@InProceedings{Faloutsos1999,
  Title                    = {On Power-law Relationships of the Internet Topology},
  Author                   = {A. Faloutsos and B. Faloutsos and C. Smith and D. Smith},
  Booktitle                = {Proceedings...},
  Year                     = {1999},

  Address                  = {New York, NY, USA},
  Organization             = {International Conference on Topology and its Applications},
  Pages                    = {251--262},
  Publisher                = {ACM Press},

  ISBN                     = {1-58113-135-6},
  Location                 = {Cambridge, Massachusetts, United States},
  Timestamp                = {2014.09.26}
}

@Book{felipe1994,
  Title                    = {A {P}revid\^encia social na pr\'atica forense},
  Author                   = {J. F. A. Felipe},
  Publisher                = {Forense},
  Year                     = {1994},

  Address                  = {Rio de Janeiro},
  Edition                  = {4},

  Abnt-note                = {A \'ultima parte (``viii, 236'') foi colocada num campo {\ttfamily pages}, para atender ao \'{i}tem 8.7.1 da `norma' \cite{NBR6023:2002}.},
  Pages                    = {viii, 236},
  Timestamp                = {2014.09.27}
}

@Article{figueirde1996,
  Title                    = {Canad\'a e {A}ntilhas: l\'{i}nguas populares, oralidade e literatura},
  Author                   = {E. Figueiredo},
  Journal                  = {Gragoat\'a},
  Year                     = {1996},

  Month                    = {2. sem.},
  Number                   = {1},
  Pages                    = {127-136},

  Address                  = {Niter\'oi},
  Timestamp                = {2014.09.27}
}

@Book{figueiredo1990,
  Title                    = {Metodologias para a promo{\c c}\~ao do uso da informa{\c c}\~ao},
  Author                   = {N. M. Figueiredo},
  Publisher                = {Nobel},
  Year                     = {1990},

  Address                  = {S\~ao Paulo},

  Subtitle                 = {t\'{e}cnicas aplicadas particularmente em bibliotecas universit\'arias especializadas},
  Timestamp                = {2014.09.27}
}

@Book{florenzano1993,
  Title                    = {Dicion\'ario de id\'{e}ias semelhantes},
  Author                   = {E. Florenzano},
  Publisher                = {Ediouro},
  Year                     = {1993},

  Address                  = {Rio de Janeiro},

  Pages                    = {383},
  Timestamp                = {2014.09.27}
}

@Article{fraipont1998,
  Title                    = {[Sem T\'{i}tulo]},
  Author                   = {Fraipont, E. Amiclar {II}},
  Journal                  = {O Estado de S.\ Paulo},
  Year                     = {1998},

  Month                    = {30 nov.},
  Note                     = {Caderno 2, Visuais p. D2. 1 fot., p\&b. Foto apresentada no Projeto ABRA/Coca-cola},

  Address                  = {S\~ao Paulo},
  Timestamp                = {2014.09.27}
}

@Book{francca1996,
  Title                    = {Manual para normaliza{\c c}\~ao de publica{\c c}\~oes t\'{e}cnico-cient\'{i}ficas},
  Author                   = {J. L. Fran{\c c}a and others},
  Publisher                = {Ed. da UFMG},
  Year                     = {1996},

  Address                  = {Belo Horizonte},
  Edition                  = {{3}. ed. rev. e aum.},

  Abnt-note                = {Apesar de ser um manual esta entrada n\~ao foi formatada aqui como {\ttfamily manual} e sim como {\ttfamily book} pois n\~ao se enquadra na defini{\c c}\~ao de manual do bibtex. Veja o que acontece se esta refer{\^e}ncia for formatada como {\ttfamily manual} em \citeonline{francco1996}.},
  Timestamp                = {2014.09.27}
}

@Manual{francco1996,
  Title                    = {Manual para normaliza{\c c}\~ao de publica{\c c}\~oes t\'{e}cnico-cient\'{i}ficas},

  Address                  = {Belo Horizonte},
  Author                   = {J. L. Fran{\c c}a and others},
  Edition                  = {{3}. ed. rev. e aum.},
  Year                     = {1996},

  Abnt-note                = {Aqui a refer{\^e}ncia \citeonline{francca1996} foi formatada como {\ttfamily manual} para fins de compara{\c c}\~ao.},
  Publisher                = {Ed. da UFMG},
  Timestamp                = {2014.09.27}
}

@Book{franco1993,
  Title                    = {Discursos},
  Author                   = {Itamar Franco},
  Year                     = {1993},

  Address                  = {Bras\'{i}lia, DF},

  Pages                    = {107},
  Subtitle                 = {de outubro de 1992 a agosto de 1993},
  Timestamp                = {2014.09.27}
}

@Book{freyre1943,
  Title                    = {Casa grande \& senzala},
  Author                   = {G. Freyre},
  Publisher                = {J.~Olympio},
  Year                     = {1943},

  Address                  = {Rio de Janeiro},

  HowPublished             = {2~v.},
  Subtitle                 = {forma{\c c}\~ao da fam\'{i}lia brasileira sob regime de economia patriarcal},
  Timestamp                = {2014.09.27}
}

@Book{freyre1938,
  Title                    = {Sobrados e mocambos},
  Author                   = {G. Freyre},
  Publisher                = {Nacional},
  Year                     = {1938},

  Address                  = {S\~ao Paulo},
  Edition                  = {2},

  Pages                    = {410},
  Subtitle                 = {decad\^encia do patriarcado rural no Brasil},
  Timestamp                = {2014.09.27}
}

@Book{freyre1936,
  Title                    = {Sobrados e mocambos},
  Author                   = {G. Freyre},
  Publisher                = {Nacional},
  Year                     = {1936},

  Address                  = {S\~ao Paulo},

  Pages                    = {405},
  Subtitle                 = {decad\^encia do patriarcado rural no Brasil},
  Timestamp                = {2014.09.27}
}

@Book{gomes1998,
  Title                    = {Novela e sociedade no Brasil},
  Author                   = {Gomes, L. G. F. F},
  Publisher                = {EdUFF},
  Year                     = {1998},

  Address                  = {Niter\'oi},
  Note                     = {Bibliografia: p. 131--132},
  Number                   = {15},
  Series                   = {Cole{\c c}\~ao Antropologia e Ci\^encia Pol\'{i}tica},

  Dimensions               = {21~cm},
  ISBN                     = {85-228-0268-8},
  Pages                    = {137},
  Timestamp                = {2014.09.27}
}

@Book{gomes1995,
  Title                    = {O direito de fam\'{i}lia},
  Author                   = {O. Gomes},
  Publisher                = {Forense},
  Year                     = {1995},

  Address                  = {Rio de Janeiro},
  Edition                  = {11},

  Furtherresp              = {Atualiza{\c c}\~ao e notas de Humberto Theodoro J\'unior},
  Pages                    = {562},
  Timestamp                = {2014.09.27}
}

@Book{alves1993,
  Title                    = {A hist\'oria de {Mirador}},
  Author                   = {F. B. Gon{\c c}alves},
  Year                     = {1993},

  Timestamp                = {2014.09.27}
}

@Book{Goossens2007,
  Title                    = {The LaTeX graphics companion},
  Author                   = {Goossens, Michel and Mittelbach, Frank and Rahtz, Sebastian and Roegel, Denis and Voss, Herbert},
  Publisher                = {Addison-Wesley},
  Year                     = {2007},

  Address                  = {Boston},
  Edition                  = {2},

  Timestamp                = {2014.09.27}
}

@InProceedings{guncho1998,
  Title                    = {A educa{\c c}\~ao \`a dist\^ancia e a biblioteca universit\'aria},
  Author                   = {M. R. Guncho},
  Booktitle                = {Anais...},
  Year                     = {1998},

  Address                  = {Fortaleza},
  Note                     = {1~CD},
  Organization             = {Semin\'ario de Bibliotecas Universit\'arias},
  Publisher                = {Tec Treina},

  Conference-location      = {Fortaleza},
  Conference-number        = {10},
  Conference-year          = {1998},
  Timestamp                = {2014.09.27}
}

@Article{gurgel1997,
  Title                    = {Reforma do estado e seguran{\c c}a p\'ublica},
  Author                   = {C. Gurgel},
  Journal                  = {Pol\'{i}tica e administra{\c c}\~ao},
  Year                     = {1997},

  Month                    = {set.},
  Number                   = {2},
  Pages                    = {15-21},
  Volume                   = {3},

  Address                  = {Rio de Janeiro},
  Timestamp                = {2014.09.27}
}

@Book{holanda1994,
  Title                    = {Caminhos e fronteiras},
  Author                   = {S. B. Holanda},
  Publisher                = {Companhia das Letras},
  Year                     = {1994},

  Address                  = {S\~ao Paulo},
  Edition                  = {3},
  Note                     = {Inclui \'{i}ndice},

  Dimensions               = {21~cm},
  ISBN                     = {85-7164-411-X},
  Pages                    = {301},
  Timestamp                = {2014.09.27}
}

@Misc{IRL2014,
  Title                    = {Internet Research Laboratory},

  Author                   = {IRL},
  Year                     = {2014},

  Key                      = {IRL},
  Timestamp                = {2014.09.24},
  Url                      = {http://irl.cs.ucla.edu/topology},
  Urlaccessdate            = {8 de mar{\c c}o de 2014}
}

@Misc{JabRef2014,
  Title                    = {JabRef reference manager},

  Author                   = {JabRef},
  Year                     = {2014},

  Timestamp                = {2014.09.27},
  Url                      = {http://jabref.sourceforge.net},
  Urlaccessdate            = {8 de setembro de 2014}
}

@Book{lellis1994,
  Title                    = {Matem\'atica na medida certa, 8. s\'{e}rie},
  Author                   = {J. Jakubovic and M. Lellis},
  Publisher                = {Scipione},
  Year                     = {1994},

  Address                  = {S\~ao Paulo},
  Edition                  = {2},

  Abnt-note                = {A \'ultima parte (``208, xxi'') foi colocada num campo {\ttfamily pages} para atender ao \'{i}tem 8.7.1 da `norma'\cite{NBR6023:2002}},
  Pages                    = {208, xxi},
  Subtitle                 = {livro do professor},
  Timestamp                = {2014.09.27}
}

@Article{kelly1996,
  Title                    = {Electronic publishing at {APS}},
  Author                   = {R. Kelly},
  Journal                  = {APS News Online},
  Year                     = {1996},

  Month                    = {nov.},

  Abnt-note                = {Trata-se de um boletim informativo de sociedade cient\'{i}fica (APS) e n\~ao de um jornal cient\'{i}fico como afirma a `norma'. NÃ£o obstante o uso da entrada \textit{article} estÃ¡ absolutamente correto, pois trata-se de um periÃ³dico com ISSN.},
  Address                  = {Los Angeles},
  Subtitle                 = {its not just online journalism},
  Timestamp                = {2014.09.27},
  Url                      = {http://www.aps.org/apsnews/1196/11965.html},
  Urlaccessdate            = {25 nov. 1998}
}

@Misc{Kile2014,
  Title                    = {Kile - an Integrated LaTeX Environment},

  Author                   = {Kile},
  Year                     = {2014},

  Timestamp                = {2014.09.27},
  Url                      = {http://kile.sourceforge.net/},
  Urlaccessdate            = {31 de julho de 2014}
}

@Misc{kobayashi1998,
  Title                    = {Doen{\c c}a dos xavantes},

  Author                   = {K. Kobayashi},
  Note                     = {1 fot., color. 16 cm$\times$56 cm},
  Year                     = {1980},

  Timestamp                = {2014.09.27}
}

@Book{Kopka2003,
  Title                    = {Guide to LaTeX},
  Author                   = {Kopka, Helmut and Daly, Patrick W.},
  Publisher                = {Addison-Wesley},
  Year                     = {2003},

  Address                  = {Boston},
  Edition                  = {4},

  Timestamp                = {2014.09.27}
}

@Book{krieger1992,
  Title                    = {Todos os s\'ocios do presidente},
  Author                   = {G. Krieger and L. A. Novaes and T. Faria},
  Publisher                = {Scritta},
  Year                     = {1992},
  Edition                  = {3},

  Pages                    = {195},
  Timestamp                = {2014.09.27}
}

@InProceedings{krzyzanowski1996,
  Title                    = {Valor agregado no mundo da informa{\c c}\~ao: um meio de criar novos espa{\c c}os competitivos a partir da tecnologia da informa{\c c}\~ao e melhor satisfazer \`as necessidades dos clientes/usu\'arios},
  Author                   = {R. F. Krzyzanowski},
  Booktitle                = {Interliga{\c c}\~oes da tecnologia da informa{\c c}\~ao},
  Year                     = {1996},
  Organization             = {Congresso Regional de Informa{\c c}\~ao em Ci\^encias da Sa\'ude},

  Booksubtitle             = {um elo futuro},
  Conference-location      = {Rio de Janeiro},
  Conference-number        = {3},
  Conference-year          = {1996},
  Timestamp                = {2014.09.27},
  Url                      = {http://www.bireme.br/cgi-bin/crics3/texto?titulo=VALOR+AGREGADO+NO+MUNDO},
  Urlaccessdate            = {26 jan. 1999}
}

@Book{Lamport1986,
  Title                    = {LaTeX: a document preparation system},
  Author                   = {Lamport, Leslie},
  Publisher                = {Addison-Wesley},
  Year                     = {1986},

  Address                  = {Boston},

  Timestamp                = {2014.09.27}
}

@Misc{LaTeX2014,
  Title                    = {The LaTeX project},

  Author                   = {LaTeX},
  Year                     = {2014},

  Timestamp                = {2014.09.27},
  Url                      = {http://www.latex-project.org},
  Urlaccessdate            = {31 de julho de 2014}
}

@Book{laurenti1978,
  Title                    = {Mortalidade pr\'{e}-natal},
  Author                   = {R. Laurenti},
  Publisher                = {Centro Brasileiro de Classifica{\c c}\~ao de Doen{\c c}as},
  Year                     = {1978},

  Address                  = {S\~ao Paulo},
  Note                     = {Mimeografado},

  Timestamp                = {2014.09.27}
}

@Book{lazzarini1994,
  Title                    = {Cria e recria},
  Author                   = {Lazzarini, Neto, S.},
  Publisher                = {SDF Editores},
  Year                     = {1994},

  Address                  = {[S\~ao Paulo]},

  Pages                    = {108},
  Timestamp                = {2014.09.27}
}

@Article{leal1999,
  Title                    = {{MP} fiscaliza com autonomia total},
  Author                   = {L. N. Leal},
  Journal                  = {Jornal do Brasil},
  Year                     = {1999},

  Month                    = {25 abr.},
  Pages                    = {3},

  Address                  = {Rio de Janeiro},
  Timestamp                = {2014.09.27}
}

@Article{leitao1989,
  Title                    = {A informa{\c c}\~ao como insumo estrat\'{e}gico},
  Author                   = {D. M. Leit{\~a}o},
  Journal                  = {Ci.\ Inf.},
  Year                     = {1989},

  Month                    = {mai./ago.},
  Number                   = {2},
  Pages                    = {118-123},
  Volume                   = {22},

  Address                  = {Bras\'{i}lia, DF},
  Timestamp                = {2014.09.27}
}

@Book{leite1994,
  Title                    = {O s\'{e}culo do desempenho},
  Author                   = {C. B. Leite},
  Publisher                = {LTr},
  Year                     = {1994},

  Address                  = {S\~ao Paulo},

  Pages                    = {160},
  Timestamp                = {2014.09.27}
}

@Misc{levi1997,
  Title                    = {Edif\'{i}cio {C}olumbus de propriedade de {L}amberto {R}amengoni \`{a} {R}ua da {P}az, esquina da {A}venida {B}rigadeiro {L}uiz {A}ntonio},

  Author                   = {R. Levi},
  HowPublished             = {Plantas diversas. Originais em papel vegetal},
  Year                     = {1997},

  Pagename                 = {f.},
  Pages                    = {108},
  Subtitle                 = {n. 1930-33.},
  Timestamp                = {2014.09.27}
}

@Book{lima1985,
  Title                    = {Tem encontro com {D}eus},
  Author                   = {M. Lima},
  Publisher                = {J.~Olympio},
  Year                     = {1985},

  Address                  = {Rio de Janeiro},

  Subtitle                 = {teologia para leigos},
  Timestamp                = {2014.09.27}
}

@Article{lion1981,
  Title                    = {Drogas cardiovasculares e gravidez},
  Author                   = {M. F. Lion and J. Andrade},
  Journal                  = {Arquivos Brasileiros de Cardiologia},
  Year                     = {1981},
  Number                   = {2},
  Pages                    = {125-127},
  Volume                   = {37},

  Address                  = {S\~ao Paulo},
  Reprinted-text           = {Separata de},
  Timestamp                = {2014.09.27}
}

@Book{lucci1994,
  Title                    = {Viver e aprender},
  Author                   = {E. A. Lucci},
  Publisher                = {Saraiva},
  Year                     = {1994},

  Address                  = {S\~ao Paulo},
  Edition                  = {3},

  Pages                    = {96},
  Subtitle                 = {estudos sociais, 3a. s\'{e}rie: exemplar do professor},
  Timestamp                = {2014.09.27}
}

@Book{makau1962,
  Title                    = {Esperanza de la educaci\'on hoy},
  Author                   = {A. B. Makau},
  Publisher                = {J. Piaget},
  Year                     = {1962},

  Address                  = {Lisboa},

  Reprinted-from           = {wmoore1960},
  Timestamp                = {2014.09.27}
}

@InProceedings{malagrino1985,
  Title                    = {Estudos preliminares sobre os efeitos de baixas concentra{\c c}\~oes de detergentes ami\^onicos na forma{\c c}\~ao do bisso em \textit{Branchidontas solisianus}},
  Author                   = {W. Malagrino and others},
  Year                     = {1985},
  Note                     = {N\~ao publicado},
  Organization             = {Congresso Brasileiro de Engenharia Sanit\'aria e Ambiental},

  Abnt-note                = {O original [em \cite{NBR6023:2002}] difere completamente, n\~ao ficou claro porque a `norma' neste caso fugiu completamente da formata{\c c}\~ao dos outros exemplos.},
  Conference-address       = {Macei\'o},
  Conference-number        = {13},
  Conference-year          = {1985},
  Timestamp                = {2014.09.27}
}

@Book{mandino1994,
  Title                    = {A universidade do sucesso},
  Author                   = {O Mandino},
  Publisher                = {Record},
  Year                     = {1994},

  Address                  = {Rio de Janeiro},
  Edition                  = {6},
  Note                     = {T\'{i}tulo original: The university of success},

  Dimensions               = {21~cm},
  Furtherresp              = {Tradu{\c c}\~ao de Eugenia Loureiro},
  Pages                    = {562},
  Timestamp                = {2014.09.27}
}

@Article{mansilla1998,
  Title                    = {La controversia entre universalismo y particularismo en la filosofia de la cultura},
  Author                   = {H. C. F. Mansilla},
  Journal                  = {Revista Latinoamericana de Filosofia},
  Year                     = {1998},

  Month                    = {primavera},
  Number                   = {2},
  Volume                   = {24},

  Address                  = {Buenos Aires},
  Timestamp                = {2014.09.27}
}

@Article{marins1991,
  Title                    = {Massa calcificada da naso-faringe},
  Author                   = {J. L. C. Marins},
  Journal                  = {Radiologia Brasileira},
  Year                     = {1991},
  Note                     = {No prelo},
  Number                   = {23},

  Address                  = {S\~ao Paulo},
  Timestamp                = {2014.09.27}
}

@Book{marques1993,
  Title                    = {Banco de dados e hiperm\'{i}dia},
  Author                   = {M. P. Marques and R. G. Lanzelotte},
  Publisher                = {PUC, Departamento de Inform\'atica},
  Year                     = {1993},

  Address                  = {Rio de Janeiro},
  Note                     = {Pagina{\c c}\~ao irregular},

  Subtitle                 = {construindo um metamodelo para o {P}rojeto {P}ortinari},
  Timestamp                = {2014.09.27}
}

@InProceedings{martin1997,
  Title                    = {Altera{\c c}\~oes qualitativas da mat\'{e}ria org\^anica e os fatores determinantes da sua estabilidade num solo podz\'olico vermelho-escuro em diferentes sistemas de manejo},
  Author                   = {Martin, Neto, L. and C. Bayer and J. Mielniczuk},
  Booktitle                = {Resumos...},
  Year                     = {1997},

  Address                  = {Rio de Janeiro},
  Note                     = {ref. 6--141},
  Organization             = {Congresso Brasileiro de Ci\^encia do Solo},
  Pages                    = {443},
  Publisher                = {Sociedade Brasileira de Ci\^encia do Solo},

  Conference-location      = {Rio de Janeiro},
  Conference-number        = {26},
  Conference-year          = {1997},
  Timestamp                = {2014.09.27}
}

@Misc{mattos1987,
  Title                    = {Paisagem --- {Q}uatro {B}arras},

  Author                   = {M. D. Mattos},
  HowPublished             = {1 original de arte, \'oleo sobre tela, 40~cm{$\times$}50~cm. Cole{\c c}\~ao particular.},
  Year                     = {1987},

  Timestamp                = {2014.09.27}
}

@Book{Maturana2003,
  Title                    = {A \'{A}rvore do Conhecimento},
  Author                   = {Humberto R. Maturana and Francisco J. Varela},
  Publisher                = {Editora Palas Athena},
  Year                     = {2003},

  Address                  = {S\~ao Paulo},
  Edition                  = {3},

  Page                     = {283},
  Subtitle                 = {as bases biol\'{o}gicas da compreens\~{a}o humana},
  Timestamp                = {2014.09.27}
}

@Misc{Mendeley2014,
  Title                    = {Mendeley},

  Author                   = {Mendeley},
  Year                     = {2014},

  Subtitle                 = {academic software for research papers},
  Timestamp                = {2014.09.27},
  Url                      = {http://www.mendeley.com},
  Urlaccessdate            = {31 de julho de 2014}
}

@Book{miglori1993,
  Title                    = {Paradigmas e educa{\c c}\~ao},
  Author                   = {R. Miglori},
  Publisher                = {Aquariana},
  Year                     = {1993},

  Address                  = {S\~ao Paulo},
  Series                   = {Vis\~ao do futuro},
  Volume                   = {1},

  Dimensions               = {23~cm},
  Pages                    = {20},
  Timestamp                = {2014.09.27}
}

@Book{Mittelbach2004,
  Title                    = {The LaTeX companion},
  Author                   = {Mittelbach, Frank and Goossens, Michel and Braams, Johannes and Carlisle, David and Rowley, Chris},
  Publisher                = {Addison-Wesley},
  Year                     = {2004},

  Address                  = {Boston},
  Edition                  = {2},

  Timestamp                = {2014.09.27}
}

@Other{morgado1990,
  Title                    = {Reimplante dent\'ario},
  Abnt-6023-2000-section   = {8.11.4-1},
  Address                  = {S\~ao Paulo},
  Author                   = {M. L. C. Morgado},
  Pagename                 = {f.},
  Pages                    = {51},
  School                   = {Faculdade de Odontologia, Universidade Camilo Castelo Branco},
  Timestamp                = {2014.09.27},
  Type                     = {Especializa{\c c}\~ao em Cirurgia e Ortodontia},
  Year                     = {1990},
  Year-presented           = {Julho 1990}
}

@Other{morgado1990b,
  Title                    = {Reimplante dent\'ario},
  Abnt-6023-2000-section   = {8.11.4-1b},
  Address                  = {S\~ao Paulo},
  Author                   = {M. L. C. Morgado},
  Pagename                 = {f.},
  Pages                    = {51},
  School                   = {Faculdade de Odontologia, Universidade Camilo Castelo Branco},
  Timestamp                = {2014.09.27},
  Type                     = {Especializa{\c c}\~ao em Cirurgia e Ortodontia},
  Year                     = {1990},
  Year-presented           = {Novembro 1988}
}

@Article{naves1999,
  Title                    = {Lagos andinos d\~ao banho de belexa},
  Author                   = {P. Naves},
  Journal                  = {Folha de S.\ Paulo},
  Year                     = {1999},

  Month                    = {28 jun.},
  Note                     = {Folha Turismo, Caderno 8, p.~13},

  Address                  = {S\~ao Paulo},
  Timestamp                = {2014.09.27}
}

@PhdThesis{Neubert2001,
  Title                    = {Algoritmos Distribu\'{i}dos para a Constru{\c c}\~ao de Arquivos Invertidos},
  Author                   = {Marden Silveira Neubert},
  School                   = {Departamento de Computa{\c c}\~ao, Universidade Federal de Minas Gerais},
  Year                     = {2001},

  Address                  = {Belo Horizonte},
  Type                     = {Doutorado em Ci{\^e}ncia da Computa{\c c}\~ao},

  Pagename                 = {f.},
  Pages                    = {145},
  Timestamp                = {2014.09.26},
  Year-presented           = {Mar{\c c}o 2001}
}

@Unpublished{Oliveira2013,
  Title                    = {ComunicaÃ§Ã£o pessoal privada},
  Author                   = {Francisco M. Oliveira},
  Note                     = {Em mai./2013 indicou do uso da tÃ©cnica de Ã¡lgebra de semigrupos para resolver a equaÃ§Ã£o Fokker-Planck.},
  Year                     = {2013},

  Timestamp                = {2014.09.27}
}

@Book{passos1995,
  Title                    = {Alegria de saber},
  Author                   = {Luciana M. M. Passos and Albani Fonseca and Marta Chaves},
  Publisher                = {Scipione},
  Year                     = {1995},

  Address                  = {S\~ao Paulo},

  Pages                    = {136},
  Subtitle                 = {matem\'atica, segunda s\'{e}rie, 2, primeiro grau: livro do professor},
  Timestamp                = {2014.09.27}
}

@Book{pastro1993,
  Title                    = {Arte sacra},
  Author                   = {C. Pastro},
  Publisher                = {Loyola},
  Year                     = {1993},

  Address                  = {S\~ao Paulo},

  Pages                    = {343},
  Subtitle                 = {espa{\c c}o sagrado hoje},
  Timestamp                = {2014.09.27}
}

@Book{pedrosa1995,
  Title                    = {Da cor \`a cor inexistente},
  Author                   = {I. Pedrosa},
  Publisher                = {L.~Cristiano},
  Year                     = {1995},

  Address                  = {Rio de Janeiro},
  Edition                  = {6},

  Pages                    = {219},
  Timestamp                = {2014.09.27}
}

@Book{pelosi1993,
  Title                    = {O caminho das cordas},
  Author                   = {T. Pelosi},
  Publisher                = {Anais},
  Year                     = {1993},

  Address                  = {Rio de Janeiro},
  Note                     = {Bibliografia: p. 115--158},

  Dimensions               = {21~cm},
  Pages                    = {158},
  Timestamp                = {2014.09.27}
}

@Book{piaget1980,
  Title                    = {Para onde vai a educa{\c c}\~ao},
  Author                   = {J. Piaget},
  Publisher                = {J.~Olympio},
  Year                     = {1980},

  Address                  = {Rio de Janeiro},
  Edition                  = {7},

  Pages                    = {500},
  Timestamp                = {2014.09.27}
}

@Misc{Queiroz2014,
  Title                    = {Dicas: nomes no BibTeX},

  Author                   = {Diego Queiroz},
  Year                     = {2014},

  Timestamp                = {2014.09.24},
  Url                      = {http://www.lti.pcs.usp.br/~diego/blog/pt/nomes-bibtex.html},
  Urlaccessdate            = {24 de setembro de 2014}
}

@InCollection{rego1991,
  Title                    = {O desenvolvimento cognitivo e a prontid\~ao para alfabetiza{\c c}\~ao},
  Author                   = {L. L. B. Rego},
  Booktitle                = {Aprender pensando},
  Publisher                = {Vozes},
  Year                     = {1991},

  Address                  = {Petr\'opolis},
  Edition                  = {6},
  Editor                   = {T. N. Carraro},
  Pages                    = {31-40},

  Editortype               = {Org.},
  Timestamp                = {2014.09.27}
}

@Article{ribeiro1998,
  Title                    = {Ado{\c c}\~ao \`a brasileira},
  Author                   = {P. S. G. Ribeiro},
  Journal                  = {Datavenia},
  Year                     = {1998},

  Month                    = {ago.},
  Number                   = {18},
  Volume                   = {ano~3},

  Address                  = {S\~ao Paulo},
  Subtitle                 = {uma an\'alise s\'ocio-jur\'{i}dica},
  Timestamp                = {2014.09.27},
  Url                      = {http://www.datavenia.inf.br/frameartig.html},
  Urlaccessdate            = {10 set. 1998}
}

@Book{rodrigues1994,
  Title                    = {Teatro completo},
  Author                   = {A. Rodrigues},
  Publisher                = {Nova Aguilar},
  Year                     = {1994},

  Address                  = {Rio de Janeiro},
  Series                   = {Biblioteca luso-brasileira. S\'{e}rie brasileira},

  Dimensions               = {19~cm},
  Furtherresp              = {Organiza{\c c}\~ao geral e pref\'acio S\'abato Magaldi},
  Pages                    = {1134},
  Timestamp                = {2014.09.27}
}

@InCollection{romano1996,
  Title                    = {Imagens da juventude na era moderna},
  Author                   = {G. Romano},
  Booktitle                = {Hist\'oria dos jovens 2},
  Publisher                = {Companhia das Letras},
  Year                     = {1996},

  Address                  = {S\~ao Paulo},
  Editor                   = {G. Levi and J. Schmidt},
  Pages                    = {7-16},

  Booksubtitle             = {a \'{e}poca contempor\^anea},
  Editortype               = {Org.},
  Timestamp                = {2014.09.27}
}

@Book{ruch1926,
  Title                    = {Hist\'oria geral da civiliza{\c c}\~ao},
  Author                   = {G. Ruch},
  Publisher                = {F. Briguiet},
  Year                     = {1926-1940},

  Address                  = {Rio de Janeiro},
  Note                     = {4~v., il., 19~cm},

  Subtitle                 = {da {A}ntig\"uidade ao {XX} s\'{e}culo},
  Timestamp                = {2014.09.27}
}

@Book{saadi1994,
  Title                    = {O jardim das rosas...},
  Author                   = {Saadi},
  Publisher                = {J. Olympio},
  Year                     = {1944},

  Address                  = {Rio de Janeiro},
  Note                     = {Vers\~ao francesa de: Franz Toussaint. Original \'arabe},
  Series                   = {Cole{\c c}\~ao Rubaiyat},

  Furtherresp              = {Tradu{\c c}\~ao de Aur\'{e}lio Buarque de Holanda},
  Pages                    = {124},
  Timestamp                = {2014.09.27}
}

@InProceedings{sabroza1998,
  Title                    = {Globaliza{\c c}\~ao e sa\'ude: impacto nos perfis epidemiol\'ogicos das popula{\c c}\~oes},
  Author                   = {P. C. Sabroza},
  Booktitle                = {Anais eletr\^onicos...},
  Year                     = {1998},

  Address                  = {Rio de Janeiro},
  Note                     = {Mesa-redonda},
  Organization             = {Congresso Brasileiro de Epidemiologia},
  Publisher                = {ABRASCO},

  Conference-location      = {Rio de Janeiro},
  Conference-number        = {4},
  Conference-year          = {1998},
  Timestamp                = {2014.09.27},
  Url                      = {http://www.abrasco.com.br/epirio98/},
  Urlaccessdate            = {17 jan. 1999}
}

@Misc{samu1977,
  Title                    = {Vit\'oria},

  Author                   = {R. Sam\'u},
  HowPublished             = {1 grav., serigraf., color., 46 cm$\times$63 cm. Cole{\c c}\~ao Particular},
  Year                     = {1977},

  Subtitle                 = {18:35 h},
  Timestamp                = {2014.09.27}
}

@MastersThesis{Santos2003,
  Title                    = {Aspectos Conceituais e Arquiteturais para a Cria{\c c}\~ao de Linhagens de Agentes de Software Cognitivos e Situados},
  Author                   = {Bruno Andr\'{e} Santos},
  School                   = {Centro Federal de Educa{\c c}\~ao Tecnol\'{o}gica de Minas Gerais},
  Year                     = {2003},

  Address                  = {Belo Horizonte},
  Type                     = {Mestrado em Tecnologia -- Nome da \'{a}rea de concentra{\c c}\~ao},

  Key                      = {intelig{\^e}ncia artificial, agentes inteligentes, cogni{\c c}\~ao situada},
  Pagename                 = {f.},
  Pages                    = {130},
  Timestamp                = {2014.09.26},
  Year-presented           = {Junho 2003}
}

@InBook{santos1994,
  Title                    = {A coloniza{\c c}\~ao da terra do {T}ucuj\'us},
  Author                   = {dos Santos, Fernando Rodrigues},
  Chapter                  = {3},
  Pages                    = {15-24},
  Publisher                = {Valcan},
  Year                     = {1994},

  Address                  = {Macap\'a},
  Edition                  = {2},

  Booktitle                = {Hist\'oria do Amap\'a, {1$^o$} grau},
  Timestamp                = {2014.09.27}
}

@Book{schaum1956,
  Title                    = {Schaum's outline of theory and problems},
  Author                   = {D. Schaum},
  Publisher                = {Schaum Publishing},
  Year                     = {1956},

  Address                  = {New York},
  Edition                  = {5th},

  Pages                    = {204},
  Timestamp                = {2014.09.27}
}

@Book{silva1996,
  Title                    = {Vocabul\'ario jur\'{i}dico},
  Author                   = {D. P. Silva},
  Publisher                = {Forense},
  Year                     = {1996},

  Address                  = {Rio de Janeiro},
  Edition                  = {4},
  Note                     = {5~v. em~3},

  Timestamp                = {2014.09.27}
}

@Article{silva1988,
  Title                    = {[Sem T\'{i}tulo]},
  Author                   = {E. T. Silva},
  Journal                  = {Ci.\ Inf.},
  Year                     = {1988},

  Month                    = {jul./dez.},
  Number                   = {2},
  Volume                   = {17},

  Address                  = {Bras\'{i}lia, DF},
  Timestamp                = {2014.09.27}
}

@Other{Silva2013,
  Title                    = {T\'{e}cnicas Modernas de Intelig\^{e}ncia Artificial},
  Address                  = {Belo Horizonte},
  Author                   = {Silva, Filho, Ant\^{o}nio {Jos\'{e} da} and Souza, J\'{u}nior, {Jo\~{a}o de}},
  Pagename                 = {f.},
  Pages                    = {78},
  School                   = {Departamento de Computa{\c c}\~{a}o, Centro Federal de Educa{\c c}\~{a}o Tecnol\'{o}gica de Minas Gerais},
  Subtitle                 = {conceitos e aplica{\c c}\~{o}es},
  Timestamp                = {2014.09.26},
  Type                     = {Gradua{\c c}\~{a}o em Engenharia de Computa{\c c}\~{a}o},
  Year                     = {2013},
  Year-presented           = {Agosto 2013}
}

@Article{gsilva1998,
  Title                    = {Pena de morte para o nasciturno},
  Author                   = {I. G. Silva},
  Journal                  = {O Estado de S.~Paulo},
  Year                     = {1998},

  Month                    = {19 set.},

  Address                  = {S\~ao Paulo},
  Timestamp                = {2014.09.27},
  Url                      = {http://www.providafamilia.org/pena_morte_nasciturno.htm},
  Urlaccessdate            = {10 set. 1998}
}

@Book{Silva2000,
  Title                    = {A Intelig{\^e}ncia da Complexidade},
  Author                   = {Silva, Joaquim and Souza, Jo\~ao {Luiz de}},
  Publisher                = {Editora Petr\'{o}polis},
  Year                     = {2000},

  Address                  = {S\~ao Paulo},

  Timestamp                = {2014.09.24}
}

@Misc{silva1991,
  Title                    = {{L}uiz {I}n\'acio {L}ula da {S}ilva},

  Author                   = {L. I. L. da Silva},
  HowPublished             = {2~fitas cassete (120~min), 3~3/4 pps, estero. Entrevista concedida ao Projeto Mem\'oria do SENAI-SP},
  Year                     = {1991},

  Address                  = {S\~ao Paulo},
  Furtherresp              = {Entrevistadores: V. Tremel e M. Garcia},
  Publisher                = {SENAI-SP},
  Subtitle                 = {depoimento [abr. 1991]},
  Timestamp                = {2014.09.27}
}

@Article{silva1998,
  Title                    = {Crimes da era digital},
  Author                   = {M. M. L. Silva},
  Journal                  = {.Net},
  Year                     = {1998},

  Month                    = {nov.},
  Note                     = {Se{\c c}\~ao Ponto de Vista},

  Address                  = {Rio de Janeiro},
  Timestamp                = {2014.09.27},
  Url                      = {http://www.brazilnet.com.br/contexts/brasilrevistas.htm},
  Urlaccessdate            = {28 nov. 1998}
}

@InProceedings{oliveira1996,
  Title                    = {Os limites pedag\'ogicos do paradigma da qualidade total na educa{\c c}\~ao},
  Author                   = {R. N. Silva and R. Oliveira},
  Booktitle                = {Anais eletr\^onicos...},
  Year                     = {1996},

  Address                  = {Recife},
  Organization             = {Congresso de Inicia{\c c}\~ao Cient\'{i}fica da {UFPe}},
  Publisher                = {UFPe},

  Conference-location      = {Recife},
  Conference-number        = {4},
  Conference-year          = {1996},
  Timestamp                = {2014.09.27},
  Url                      = {http://www.propesq.ufpe.br/anais/anais/educ/ce04.htm},
  Urlaccessdate            = {21 jan. 1997}
}

@Misc{simone1977,
  Title                    = {Face a face},

  Author                   = {Simone},
  HowPublished             = {1~CD (ca. 40~min). Remasterizado em digital},
  Year                     = {p1977},

  Publisher                = {Emi-Odeon Brasil},
  Timestamp                = {2014.09.27}
}

@InBook{simonej1977,
  Title                    = {Jura secreta. {S. Costa, A. Silva. [Compositores]}},
  Author                   = {Simone},
  Publisher                = {Emi-Odeon Brasil},
  Year                     = {p1977},
  Note                     = {1 CD (ca. 40 min). Faixa 7 (4 min 22 s). Remasterizado em digital.},

  Booktitle                = {Face a face},
  Timestamp                = {2014.09.27}
}

@MastersThesis{Souza2012,
  Title                    = {Recupera{\c c}\~ao de V\'{i}deos Baseada em Conte\'{u}do em um Sistema de Informa{\c c}\~ao para Apoio \`{a} An\'{a}lise do Discurso Televisivo},
  Author                   = {Celso {Luiz de} Souza},
  School                   = {Centro Federal de Educa{\c c}\~ao Tecnol\'{o}gica de Minas Gerais},
  Year                     = {2012},

  Address                  = {Belo Horizonte},
  Type                     = {Mestrado em Modelagem Matem\'{a}tica e Computacional -- Sistemas Inteligentes},

  Pagename                 = {f.},
  Pages                    = {130},
  Timestamp                = {2014.09.26},
  Year-presented           = {Outubro 2011}
}

@InProceedings{souza1994,
  Title                    = {Influ\^encia da corre{\c c}\~ao e do preparo do solo sobre algumas propriedades qu\'{i}micas do solo cultivado com bananeiras},
  Author                   = {L. S. Souza and A. L. Borges and J. O. Rezende},
  Booktitle                = {Anais...},
  Year                     = {1994},

  Address                  = {Petrolina},
  Organization             = {Reuni\~ao Brasileira de Fertilidade do Solo e Nutri{\c c}\~ao de Plantas},
  Pages                    = {3-4},
  Publisher                = {EMPRAPA, CATSA},

  Conference-location      = {Petrolina},
  Conference-number        = {21},
  Conference-year          = {1994},
  Timestamp                = {2014.09.27}
}

@Book{swokowski1994,
  Title                    = {C\'alculo com geometria anal\'{i}tica},
  Author                   = {Earl W. Swokowski},
  Publisher                = {Makron Books do Brasil},
  Year                     = {1994},

  Address                  = {S\~ao Paulo},
  Edition                  = {2},
  Note                     = {2~v.},

  Furtherresp              = {Tradu{\c c}\~ao de Alfredo Alves de Faria. Revis\~ao t\'{e}cnica Antonio Pertence J\'unior},
  Timestamp                = {2014.09.27}
}

@Book{tabak1993,
  Title                    = {A lei como instrumento de mudan{\c c}a social},
  Author                   = {F. Tabak},
  Publisher                = {Funda{\c c}\~ao Waldemar Alc\^antara},
  Year                     = {1993},

  Address                  = {Fortaleza},

  Pagename                 = {f.},
  Pages                    = {17},
  Timestamp                = {2014.09.27}
}

@Misc{TeXLive2014,
  Title                    = {TeX Live},

  Author                   = {{TeX Live}},
  Year                     = {2014},

  Timestamp                = {2014.09.27},
  Url                      = {http://tug.org/texlive/},
  Urlaccessdate            = {31 de julho de 2014}
}

@Misc{TeX-Br2014,
  Title                    = {Comunidade TeX-Br},

  Author                   = {TeX-BR},
  Year                     = {2014},

  Timestamp                = {2014.09.27},
  Url                      = {http://www.tex-br.org/index.php},
  Urlaccessdate            = {31 de julho de 2014}
}

@Misc{TeXnicCenter2014,
  Title                    = {TeX nicCenter},

  Author                   = {TeXnicCenter},
  Year                     = {2014},

  Subtitle                 = {the center of your LaTeX universe},
  Timestamp                = {2014.09.27},
  Url                      = {http://www.texniccenter.org},
  Urlaccessdate            = {31 de julho de 2014}
}

@Misc{TeXstudio2014,
  Title                    = {TeXstudio},

  Author                   = {TeXstudio},
  Year                     = {2014},

  Subtitle                 = {LaTeX made comfortable},
  Timestamp                = {2014.07.31},
  Url                      = {http://texstudio.sourceforge.net/},
  Urlaccessdate            = {31 de julho de 2014}
}

@Book{dami1995,
  Title                    = {Curso de direito judr\'{i}dico},
  Author                   = {Toledo Dami{\~a}o, Regina and Antonio Henriques},
  Publisher                = {Atlas},
  Year                     = {1995},

  Address                  = {S\~ao Paulo},

  Timestamp                = {2014.09.27}
}

@Book{torelly1991,
  Title                    = {Almanaque para 1949},
  Author                   = {M. Torelly},
  Publisher                = {Studioma: Arquivo do Estado},
  Year                     = {1991},

  Address                  = {S\~ao Paulo},
  Edition                  = {Ed. fac-sim},
  Note                     = {Cont\'{e}m iconografia e depoimentos sobre o autor},
  Series                   = {Cole{\c c}\~ao Almanaques do Bar\~ao de Itarar\'{e}},

  Subtitle                 = {primeiro semestre ou {A}lmanaque d'{A} {M}anh\~a},
  Timestamp                = {2014.09.27}
}

@Book{tourinho1994,
  Title                    = {Processo penal},
  Author                   = {Tourinho, Filho, F. C.},
  Publisher                = {Saraiva},
  Year                     = {1994},

  Address                  = {S\~ao Paulo},
  Edition                  = {{16.} ed. rev. e atual.},

  Abnt-note                = {Aqui tivemos [\citeonline{abnTeX22014d}]a necessidade de `enganar' o estilo bibliogr\'afico. Quando o campo edition inicia por um n\'umero o estilo adiciona autom\'aticamente um "ed.". Neste caso colocamos o n\'umero entre chaves o que resolveu o problema.},
  HowPublished             = {4~v.},
  Timestamp                = {2014.09.27}
}

@Article{tourinho1997,
  Title                    = {Dano ambiental},
  Author                   = {Tourinho, Neto, F. C.},
  Journal                  = {Consulex},
  Year                     = {1997},

  Month                    = {fev.},
  Number                   = {1},
  Pages                    = {18-23},
  Volume                   = {ano~1},

  Address                  = {Bras\'{i}lia, DF},
  Section                  = {Revista Jur\'{i}dica},
  Timestamp                = {2014.09.27}
}

@Book{tringali1994,
  Title                    = {Escolas liter\'arias},
  Author                   = {D. Tringali},
  Publisher                = {Musa},
  Year                     = {1994},

  Address                  = {S\~ao Paulo},
  Note                     = {Inclui bibliografias},

  Dimensions               = {21~cm},
  Pages                    = {246},
  Timestamp                = {2014.09.27}
}

@Book{urani1994,
  Title                    = {Constitui{\c c}\~ao de uma matriz de contabilidade social para o Brasil},
  Author                   = {Urani, A and others},
  Publisher                = {IPEA},
  Year                     = {1994},

  Address                  = {Bras\'{i}lia, DF},

  Timestamp                = {2014.09.27}
}

@Article{vanGELDER1998,
  Title                    = {Disentangling Dynamics, Computation and Cognition},
  Author                   = {Tim {van GELDER}},
  Journal                  = {Behavioral and Brain Sciences},
  Year                     = {1998},
  Pages                    = {40--47},
  Volume                   = {21},

  Key                      = {cognitive science, digital computer, dynamical hypothesis, dynamical system},
  Timestamp                = {2014.09.26}
}

@Misc{villa1916,
  Title                    = {Cole{\c c}\~oes de quartetos modernos},

  Author                   = {H. Villa-Lobos},
  HowPublished             = {1 partitura (23 p.). Violoncelo},
  Year                     = {1916},

  Address                  = {Rio de Janeiro},
  Subtitle                 = {cordas},
  Timestamp                = {2014.09.27}
}

@Book{zani1995,
  Title                    = {Beleza, sa\'ude e bem-estar},
  Author                   = {R. Zani},
  Publisher                = {Saraiva},
  Year                     = {1995},

  Address                  = {S\~ao Paulo},

  Pages                    = {173},
  Timestamp                = {2014.09.27}
}

@Book{zilberman1998,
  Title                    = {A leitura e o ensino da literatura},
  Author                   = {R. Zilberman},
  Publisher                = {Contexto},
  Year                     = {1988},

  Address                  = {S\~ao Paulo},

  Reprinted-from           = {silva1988},
  Reprinted-text           = {Recens\~ao de},
  Timestamp                = {2014.09.27}
}

@Book{maia1995,
  Title                    = {Hist\'oria da ci\^encia},
  Editor                   = {Ana Maria Alfonso-Goldfarb and Carlos A. Maia},
  Publisher                = {Express\~ao e Cultura},
  Year                     = {1995},

  Address                  = {Rio de Janeiro},
  Number                   = {2},
  Series                   = {Am\'{e}rica 500 anos},

  Abnt-note                = {Nesta refer{\^e}ncia ainda falta modificar o estilo para que seja acrescentado um segundo conjunto {\ttfamily address} e {\ttfamily publisher}.},
  Address2                 = {S\~ao Paulo},
  Editortype               = {Coord.},
  Pages                    = {968},
  Publisher2               = {EUDSP},
  Subtitle                 = {o mapa do conhecimento},
  Timestamp                = {2014.09.27}
}

@Misc{gallet1851,
  Title                    = {Can{\c c}\~oes populares brasileiras},
  HowPublished             = {1 partitura (23 p.). Piano},
  Year                     = {1851},

  Address                  = {Rio de Janeiro},
  Editor                   = {L. Gallet},
  Editortype               = {Org.},
  Publisher                = {Carlos Wehns},
  Timestamp                = {2014.09.27}
}

@Book{golsalves1971,
  Title                    = {A crian{\c c}a},
  Editor                   = {P. E. Gonsalves},
  Publisher                = {Cultrix: Ed.\ da USP},
  Year                     = {1971},

  Address                  = {S\~ao Paulo},

  Editortype               = {Org.},
  Furtherresp              = {Pref\'acio do prof. Dr. {C}arlos da Silva Lacaz},
  Subtitle                 = {perguntas e respostas: m\'{e}dicos, psic\'ologos, professores, t\'{e}cnicos, dentistas...},
  Timestamp                = {2014.09.27}
}

@Book{houaiss1996,
  Title                    = {Novo dicion\'ario {Folha Webster's}},
  Editor                   = {A. Houaiss},
  Publisher                = {Folha da Manh\~a},
  Year                     = {1996},

  Address                  = {S\~ao Paulo},
  Note                     = {Edi{\c c}\~ao exclusiva para o assinante da Folha de S.\ Paulo},

  Furtherresp              = {Co-editor Ismael Cardim},
  Subtitle                 = {ingl\^es/portugu\^es, portugu\^es/ingl\^es},
  Timestamp                = {2014.09.27}
}

@Book{koogan1998,
  Title                    = {Enciclop\'{e}dia e dicion\'ario digital 98},
  Editor                   = {A. Koogan and A. Houaiss},
  Publisher                = {Delta: Estad\~ao},
  Year                     = {1998},

  Address                  = {S\~ao Paulo},
  Note                     = {5 CD-ROM. Produzida por Videolar Multim\'{i}dia},

  Furtherresp              = {Dire{\c c}\~ao geral de Andr\'{e} Koogan Breikman},
  Timestamp                = {2014.09.27}
}

@Book{lujan1993,
  Title                    = {Um presente especial},
  Editor                   = {Lujan, Roger Patr\â€™{o}n},
  Publisher                = {Aquariana},
  Year                     = {1993},

  Address                  = {S\~ao Paulo},
  Edition                  = {3},

  Editortype               = {Comp.},
  Furtherresp              = {Tradu{\c c}\~ao Sonia da Silva},
  Pages                    = {167},
  Timestamp                = {2014.09.27}
}

@Book{marcondes1993,
  Title                    = {Dietas em pediatria cl\'{i}nica},
  Editor                   = {Eduardo Marcondes and de Lima, Ilda Nogueira},
  Publisher                = {Sarvier},
  Year                     = {1993},

  Address                  = {S\~ao Paulo},
  Edition                  = {4},

  Editortype               = {Coord.},
  Timestamp                = {2014.09.27}
}

@Misc{marinho1995,
  Title                    = {Civitas},
  Note                     = {Apresenta textos sobre urbanismo e desenvolvimento de cidades},
  Year                     = {1995-1998},

  Abnt-note                = {Minha [de \citeonline{abnTeX22014d}] sugest\~{a}o para a refer\^{e}ncia \cite{coordena1995}.},
  Editor                   = {Marinho, Sim\~{a}o Pedro P.},
  Editortype               = {Coord.},
  Publisher                = {Pontif\'{i}cia Universidade Cat\'{o}lica de Minas Gerais},
  Timestamp                = {2014.09.27},
  Url                      = {http://www.gcsnet.com/oamis/civitas},
  Urlaccessdate            = {27 nov. 1998}
}

@Book{moore1960,
  Title                    = {Construtivismo del movimiento educacional},
  Editor                   = {W. Moore},
  Year                     = {1960},

  Address                  = {C\'{o}rdoba, AR},

  Subtitle                 = {soluciones},
  Timestamp                = {2014.09.27}
}

@Book{wmoore1960,
  Title                    = {Construtivismo del movimiento educacional},
  Editor                   = {W. Moore},
  Year                     = {1960},

  Address                  = {C\'{o}rdoba, AR},

  Abnt-note                = {No original [em \cite{NBR6023:2002}] aparecem dois campos address/publisher. A segunda ocorr\^{e}ncia desses campos por enquanto \'{e} ignorada pelo estilo.},
  Pages                    = {309-340},
  Subtitle                 = {soluciones},
  Timestamp                = {2014.09.27}
}

@Book{ferreira1991,
  Title                    = {O fonoaudi\'ologo e a escola},
  Editor                   = {Piccolotto Ferreira, Leslie},
  Publisher                = {Summus},
  Year                     = {1991},

  Address                  = {S\~ao Paulo},

  Editortype               = {Org.},
  Timestamp                = {2014.09.27}
}

@Misc{globo1995,
  Title                    = {{MPB} especial},
  HowPublished             = {1 CD (50 min)},
  Year                     = {c1995},

  Address                  = {[Rio de Janeiro]},
  Number                   = {2},
  Publisher                = {Globo: Movieplay},
  Series                   = {Globo collection},
  Timestamp                = {2014.09.27}
}

@Book{warner1991,
  Title                    = {Blade {R}unner},
  Publisher                = {Warner Brothers},
  Year                     = {c1991},

  Address                  = {Los Angeles},
  Note                     = {1 DVD (117 min), widescreen, color. Produzido por Warner Video Home. Baseado na novela ``Do androids dream of electric sheep?'' de Philip K.\ Dick},

  Furtherresp              = {Dire{\c c}\~ao: Ridley Scott. Produ{\c c}\~ao: Michael Deeley. Int\'{e}rpretes: Harrison Ford; Rutger Hauer; Sean Young; Edward James Olmos e outros. Roteiro: Hampton Fancher e David Peoples. M\'usica: Vangelis},
  Timestamp                = {2014.09.27}
}

@Misc{coordena1995,
  Title                    = {Civitas},
  HowPublished             = {Apresenta textos sobre urbanismo e desenvolvimento de cidades},
  Year                     = {1995-1998},

  Abnt-note                = {Claramente h\'a aqui um nome que desempenha papel de editor, minha [de \citeonline{abnTeX22014d}] sugest\~ao para esta cita{\c c}\~ao est\'a em \cite{marinho1995}.},
  Furtherresp              = {Coordena{\c c}\~ao de Sim\~ao Pedro P. Marinho. Desenvolvido pela Pontif\'{i}cia Universidade Cat\'olica de Minas Gerais},
  Timestamp                = {2014.09.27},
  Url                      = {http://www.gcsnet.com/oamis/civitas},
  Urlaccessdate            = {27 nov. 1998}
}

@Misc{birds1998,
  Title                    = {Birds from Amap\'a},
  Year                     = {199-?},

  Subtitle                 = {banco de dados},
  Timestamp                = {2014.09.27},
  Url                      = {http://www.bdt.org/bdt/avifauna/aves},
  Urlaccessdate            = {25 nov. 1998}
}

@Misc{espaciais1987,
  Title                    = {Landsat {TM} 5},
  HowPublished             = {Canais 3, 4 e composi{\c c}\~ao colorida 3, 4 e 5. Escala 1:100.000},
  Year                     = {1987--1988},

  Address                  = {S\~ao Jos\'{e} dos Campos},
  Publisher                = {Instituto Nacional de Pesquisas Espaciais},
  Timestamp                = {2014.09.27}
}

@Other{grafica1985,
  Title                    = {Globo Rural},
  Address                  = {S\~ao Paulo},
  Note                     = {Mensal},
  Publisher                = {Rio Gr\'afica},
  Timestamp                = {2014.09.27},
  Year                     = {1985--}
}

@Other{febab1973,
  Title                    = {Revista Brasileira de Biblioteconomia e documenta{\c c}\~ao},
  Address                  = {S\~ao Paulo},
  Publisher                = {FEBAB},
  Timestamp                = {2014.09.27},
  Year                     = {1973--1992}
}

@Book{biblica1970,
  Title                    = {Chave b\'{i}blica},
  Publisher                = {Sociedade B\'{i}blica do Brasil},
  Year                     = {1970 (impress\~ao 1994)},

  Address                  = {Bras\'{i}lia, DF},

  Pages                    = {511},
  Timestamp                = {2014.09.27}
}

@Other{boletim1965,
  Title                    = {Boletim Estat\'{i}stico {[da] Rede Ferrovi\'aria Federal}},
  Address                  = {Rio de Janeiro},
  HowPublished             = {Trimestral},
  Timestamp                = {2014.09.27},
  Year                     = {1965--}
}

@Other{industria1957,
  Title                    = {Desenvolvimento \& Conjuntura},
  Address                  = {Rio de Janeiro},
  Note                     = {Mensal},
  Publisher                = {Confedera{\c c}\~ao Nacional da Ind\'ustria},
  Timestamp                = {2014.09.27},
  Year                     = {1957-1968}
}

@Book{geografico1943,
  Title                    = {Boletim Geogr\'afico},
  Publisher                = {IBGE},
  Year                     = {1943--1978},

  Address                  = {Rio de Janeiro},
  Note                     = {Trimestral},

  Org-short                = {IBGE},
  Organization             = {Instituto Brasileiro de Geogr\'afia e Estat\'{i}stica},
  Timestamp                = {2014.09.27}
}

@Book{paulista1941,
  Title                    = {[Sem T\'{i}tulo]},
  Publisher                = {Associa{\c c}\~ao Paulista de Medicina},
  Year                     = {1941--},

  Address                  = {S\~ao Paulo},
  Note                     = {Bimensal},

  ISSN                     = {0035-0362},
  Organization             = {S\~ao Paulo Medical Journal=Revista Paulista de Medicina},
  Timestamp                = {2014.09.27}
}

@Book{brasileira1939,
  Title                    = {[Sem T\'{i}tulo]},
  Publisher                = {IBGE},
  Year                     = {1939--},

  Address                  = {Rio de Janeiro},
  Note                     = {Trimestral. Absorveu Boletim Geogr\'afico do IBGE. \'{i}ndice acumulado. 1939--1983},

  ISSN                     = {0034-723X},
  Organization             = {Revista Brasileira de Geografia},
  Timestamp                = {2014.09.27}
}

@Book{brasil1998,
  Title                    = {S\'umula n{$^o$}14},
  Year                     = {19--},
  Note                     = {{N}\~ao \'{e} admiss\'{i}vel por ato administrativo restringir, em raz\~ao de idade, inscri{\c c}\~ao em concurso para cargo p\'ublico},

  Organization             = {Brasil. {Supremo Tribunal Federal}},
  Timestamp                = {2014.09.27},
  Url                      = {http://www.truenetm.com.br/jurisnet/sumusSTF.html},
  Urlaccessdate            = {29 nov. 1998}
}

@Misc{europa0000,
  Title                    = {Ta{\c{c}}a de vidro \`a maneira de {V}eneza, com a imagem de {N}ossa {S}enhora e o menino no fuste tamb\'{e}m decorado com detalhes azuis},
  HowPublished             = {Europa, s\'{e}c. XVIII-XIX, 10,7 cm de di\^am. $\times$ 24,5 cm de alt.},
  Year                     = {17--?},

  Timestamp                = {2014.09.27}
}

@Misc{indias0000,
  Title                    = {Bule de porcelana: fam\'{i}lia rosa, decorado com buqu\^es e guirlandas de flores sobre fundo branco, pegador de tampa em formato de fruto},
  HowPublished             = {Marca Companhia das \'{i}ndias. China, s\'{e}c. XIX. 17 cm de alt.},
  Year                     = {15--},

  Timestamp                = {2014.09.27}
}

@Misc{Wikibooks2014,
  Title                    = {LaTeX},
  Year                     = {2014},

  Timestamp                = {2014.09.27},
  Url                      = {http://en.wikibooks.org/wiki/LaTeX},
  Urlaccessdate            = {8 de setembro de 2014}
}

@Manual{NBR14724:2011,
  Title                    = {{ABNT NBR} 14724},

  Address                  = {Rio de Janeiro},
  Month                    = {mar.},
  Organization             = {Associa{\c c}\~ao Brasileira de Normas T\'ecnicas},
  Year                     = {2011},

  Org-short                = {ABNT},
  Pages                    = {11},
  Subtitle                 = {Informa{\c c}\~ao e documenta{\c c}\~ao --- Trabalhos acad\^emicos --- Apresenta{\c c}\~ao},
  Timestamp                = {2014.09.27}
}

@Manual{NBR6029:2006,
  Title                    = {{ABNT NBR} 6029},

  Address                  = {Rio de Janeiro},
  Month                    = {mai.},
  Organization             = {Associa{\c c}\~ao Brasileira de Normas T\'ecnicas},
  Year                     = {2006},

  Org-short                = {ABNT},
  Pages                    = {10},
  Subtitle                 = {Informa{\c c}\~ao e documenta{\c c}\~ao --- Livros e folhetos --- Apresenta{\c c}\~ao},
  Timestamp                = {2014.09.27}
}

@Manual{NBR15287:2005,
  Title                    = {{ABNT NBR} 15287},

  Address                  = {Rio de Janeiro},
  Month                    = {dez.},
  Organization             = {Associa{\c c}\~ao Brasileira de Normas T\'ecnicas},
  Year                     = {2005},

  Org-short                = {ABNT},
  Pages                    = {6},
  Subtitle                 = {Informa{\c c}\~ao e documenta{\c c}\~ao --- Projeto de pesquisa --- Apresenta{\c c}\~ao},
  Timestamp                = {2014.09.27}
}

@Manual{NBR6022:2003,
  Title                    = {{NBR} 6022},

  Address                  = {Rio de Janeiro},
  Month                    = {mai.},
  Organization             = {Associa{\c c}\~ao Brasileira de Normas T\'ecnicas},
  Year                     = {2003},

  Org-short                = {ABNT},
  Pages                    = {5},
  Subtitle                 = {Informa{\c c}\~ao e documenta{\c c}\~ao --- Artigo em publica{\c c}\~ao peri\'odica cient\'{i}fica impressa --- Apresenta{\c c}\~ao},
  Timestamp                = {2014.09.27}
}

@Manual{NBR6024:2003,
  Title                    = {{NBR} 6024},

  Address                  = {Rio de Janeiro},
  Month                    = {mai.},
  Organization             = {Associa{\c c}\~ao Brasileira de Normas T\'ecnicas},
  Year                     = {2003},

  Org-short                = {ABNT},
  Pages                    = {3},
  Subtitle                 = {Informa{\c c}\~ao e documenta{\c c}\~ao --- Numera{\c c}\~ao progressiva das se{\c c}\~oes de um documento escrito --- Apresenta{\c c}\~ao},
  Timestamp                = {2014.09.27}
}

@Manual{NBR6027:2003,
  Title                    = {{NBR} 6027},

  Address                  = {Rio de Janeiro},
  Month                    = {mai.},
  Organization             = {Associa{\c c}\~ao Brasileira de Normas T\'ecnicas},
  Year                     = {2003},

  Org-short                = {ABNT},
  Pages                    = {2},
  Subtitle                 = {Informa{\c c}\~ao e documenta{\c c}\~ao --- Sum\'ario --- Apresenta{\c c}\~ao},
  Timestamp                = {2014.09.27}
}

@Manual{NBR10520:2002,
  Title                    = {{NBR} 10520},

  Address                  = {Rio de Janeiro},
  Month                    = {ago.},
  Organization             = {Associa{\c c}\~ao Brasileira de Normas T\'ecnicas},
  Year                     = {2002},

  Org-short                = {ABNT},
  Pages                    = {7},
  Subtitle                 = {Informa{\c c}\~ao e documenta{\c c}\~ao --- Cita{\c c}\~oes em documentos --- Apresenta{\c c}\~ao},
  Timestamp                = {2014.09.27}
}

@Manual{NBR6023:2002,
  Title                    = {{NBR} 6023},

  Address                  = {Rio de Janeiro},
  Month                    = {ago.},
  Organization             = {Associa{\c c}\~ao Brasileira de Normas T\'ecnicas},
  Year                     = {2002},

  Org-short                = {ABNT},
  Pages                    = {24},
  Subtitle                 = {Informa{\c c}\~ao e documenta{\c c}\~ao --- Refer\^encias --- Elabora{\c c}\~ao},
  Timestamp                = {2014.09.27}
}

@Other{tres2000,
  Title                    = {Dinheiro},
  Address                  = {S\~ao Paulo},
  Month                    = {28 jun.},
  Number                   = {148},
  Pages                    = {98},
  Publisher                = {Ed.\ Tr\^es},
  Subtitle                 = {revista semanal de neg\'ocios},
  Timestamp                = {2014.09.27},
  Year                     = {2000}
}

@Article{brasil1999,
  Title                    = {Lei n{$^o$} 9.887, de 7 de dezembro de 1999. {A}ltera a legisla{\c c}\~ao tribut\'aria federal},
  Journal                  = {Di\'ario Oficial [da] Rep\'ublica Federativa do Brasil},
  Year                     = {1999},

  Month                    = {8 dez.},

  Address                  = {Bras\'{i}lia, DF},
  Organization             = {Brasil},
  Timestamp                = {2014.09.27},
  Url                      = {http://www.in.gov.br/mp_leis/leis_texto.aps?Id=Lei%209887},
  Urlaccessdate            = {22 dez. 1999}
}

@InBook{secretaria1999,
  Title                    = {Tratados e organiza{\c c}\~oes ambientais em mat\'{e}ria de meio ambiente},
  Year                     = {1999},

  Address                  = {S\~ao Paulo},
  Volume                   = {1},

  Booktitle                = {Entendendo o meio ambiente},
  Organization             = {S\~ao Paulo {(Estado). Secretaria do Meio Ambiente}},
  Timestamp                = {2014.09.27},
  Url                      = {http://www.bdt.org.br/sma/entendendo/atual.htm},
  Urlaccessdate            = {8 mar. 1999}
}

@Misc{vaso1999,
  Title                    = {VASO.TIFF},
  Note                     = {Altura: 1083 pixels. Largura: 827 pixels. 300 dpi. 32 BIT CMYK. 3.5 Mb. Formato TIFF bitmap. Compactado},
  Year                     = {1999},

  Timestamp                = {2014.09.27},
  Url                      = {file:///C:/Carol/VASO.TIFF},
  Urlaccessdate            = {28 out. 1999}
}

@Misc{bioline1998,
  Title                    = {Bioline Discussion List. List maintained by the Bases de Dados Tropical, BDT in Brasil},
  Year                     = {1998},

  Timestamp                = {2014.09.27},
  Url                      = {http://lisserv@bdt.org.br},
  Urlaccessdate            = {25 nov. 1998}
}

@Article{brasillex1998,
  Title                    = {{T}ribunal {R}egional {F}ederal. {R}egi\~ao, 5. {A}dministrativo. {E}scola {T}\'{e}cnica {F}ederal. {P}agamento de diferen{\c c}as referente a enquadramento de servidor decorrente de implanta{\c c}\~ao de {P}lano {\'U}nico de {C}lassifica{\c c}\~ao e {D}istribui{\c c}\~ao de {C}argos e {E}mpregos, institu\'{i}do pela {L}ei n{$^o$}~8.270/91. {P}redomin\^ancia da lei sobre a portaria. {A}pela{\c c}\~ao c\'{i}vel n{$^o$}~42.441-{PE} (94.05.01629-6). {A}pelante: {E}dilemos {M}amede dos {S}antos e outros. {A}pelada: {E}scola {T}\'{e}cnica {F}ederal de {P}ernambuco. {R}elator: {J}uiz {N}ereu {S}antos. {R}ecife, 4 de mar{\c c}o de 1997},
  Journal                  = {Lex},
  Year                     = {1998},

  Month                    = {mar.},
  Number                   = {103},
  Pages                    = {558-562},
  Volume                   = {10},

  Address                  = {S\~ao Paulo},
  Organization             = {Brasil},
  Section                  = {Jurisprud\^encia do STJ e Tribunais Regionais Federais},
  Timestamp                = {2014.09.27}
}

@Misc{cassiano1998,
  Title                    = {Galeria virtual de arte do {V}ale do {P}ara\'{i}ba},
  HowPublished             = {Apresenta reprodu{\c c}\~oes virtuais de obras de artistas pl\'asticos do Vale do Para\'{i}ba},
  Year                     = {1998},

  Address                  = {S\~ao Jos\'{e} dos Campos},
  Publisher                = {Funda{\c c}\~ao Cultural Cassiano Ricardo},
  Timestamp                = {2014.09.27},
  Url                      = {http://www.virtualvale.com.br/galeria},
  Urlaccessdate            = {27 nov. 1998}
}

@Article{lex1998,
  Title                    = {Decreto n{$^o$} 42.822, de 20 de janeiro de 1998. {D}isp\~oe sobre a desativa{\c c}\~ao de unidades administrativas de \'org\~aos da administra{\c c}\~ao direta e das autarquias do {E}estado e d\'a provid\^encias correlatas},
  Journal                  = {Lex},
  Year                     = {1998},
  Number                   = {3},
  Pages                    = {217-220},
  Volume                   = {62},

  Address                  = {S\~ao Paulo},
  Organization             = {S\~ao Paulo {(Estado)}},
  Section                  = {Colet\^anea de Legisla{\c c}\~ao e Jurisprud\^encia},
  Timestamp                = {2014.09.27}
}

@Article{nordeste1998,
  Title                    = {Arranjo tribut\'ario},
  Journal                  = {Di\'ario do Nordeste Online},
  Year                     = {1998},

  Month                    = {27 nov.},

  Address                  = {Fortaleza},
  Timestamp                = {2014.09.27},
  Url                      = {http://www.diariodonordeste.com.br},
  Urlaccessdate            = {28 nov. 1998}
}

@Misc{parana1998,
  Title                    = {Normas.doc},
  Month                    = {7 mar.},
  Note                     = {5 disquetes, 3~$1/2$~pol. Word for Windows 7.0},
  Year                     = {1998},

  Address                  = {Curitiba},
  Organization             = {Universidade Federal do Paran\'a. {Biblioteca Central}},
  Subtitle                 = {normas para apresenta{\c c}\~ao de trabalhos},
  Timestamp                = {2014.09.27}
}

@Article{pc1998,
  Title                    = {Windows 98},
  Journal                  = {PC World},
  Year                     = {1998},

  Month                    = {set.},
  Number                   = {75},

  Address                  = {S\~ao Paulo},
  Subtitle                 = {o melhor caminho para atualiza{\c c}\~ao},
  Timestamp                = {2014.09.27},
  Url                      = {http://www.idg.com.br/abre.htm},
  Urlaccessdate            = {10 set. 1998}
}

@InBook{priberam1998,
  Title                    = {Pol\'{i}tica},
  Publisher                = {Priberam Inform\'atica},
  Year                     = {1998},

  Address                  = {Lisboa},

  Booktitle                = {Dicion\'ario da l\'{i}ngua portuguesa},
  Timestamp                = {2014.09.27},
  Url                      = {http://www.priberam.pt/dlDLPO},
  Urlaccessdate            = {8 mar. 1999}
}

@Book{riofilme1998,
  Title                    = {Central do {B}rasil},
  Publisher                = {Le Studio Canal; Riofilme; MACT Productions},
  Year                     = {1998},
  Note                     = {1 filme (106 min), son., color., 35 mm},

  Furtherresp              = {Dire{\c c}\~ao: Walter Salles J\'unior. Produ{\c c}\~ao: Martire de Clermont-Tonnerre e Artur Cohn. Roteiro: Marcos Bernstein, Jo\~ao Emanuel Carneiro e Walter Salles J\'unior. Int\'{e}rpretes: Fernanda Montenegro; Mar\'{i}lia Pera; Vinicius de Oliveira; S\^onia Lira; Othon Bastos; Matheus Nachtergaele e outros},
  Timestamp                = {2014.09.27}
}

@Article{supremo1998,
  Title                    = {S\'umula n{$^o$}14. {N}\~ao \'{e} admiss\'{i}vel por ato administrativo restringir, em raz\~ao de idade, inscri{\c c}\~ao em concurso para cargo p\'ublico. {J}ulgamento: 1963/12/16. {SUDIN} vol. 0000-01 {PG}00037},
  Journal                  = {Revista Experimental de Direito e Telem\'atica},
  Year                     = {1998},

  Organization             = {Brasil. {Supremo Tribunal Federal}},
  Timestamp                = {2014.09.27},
  Url                      = {http://www.prodau-sc.com.br/ciberjur/stf.html},
  Urlaccessdate            = {29 nov. 1998}
}

@Article{tribunal1998,
  Title                    = {Processual {P}enal. \textit{Habeas-corpus}. {C}onstrangimento ilegal. \textit{Habeas-corpus} n{$^o$}~181.636-1, da 6{$^a$} {C}\^amera {C}\'{i}vel do {T}ribunal de {J}usti{\c c}a do {E}stado de {S}\~ao {P}aulo, {B}ras\'{i}lia, {DF} 6 de dezembro de 1994},
  Journal                  = {Lex},
  Year                     = {1998},

  Month                    = {mar.},
  Number                   = {103},
  Pages                    = {236-240},
  Volume                   = {10},

  Address                  = {S\~ao Paulo},
  Organization             = {Brasil. {Superior Tribunal de Justi{\c c}a}},
  Section                  = {Jurisprud\^encia do STJ e Tribunais Regionais Federais},
  Timestamp                = {2014.09.27}
}

@Article{1997,
  Title                    = {Costura {$\times$} {P. U. R.}},
  Journal                  = {Aldus},
  Year                     = {1997},

  Month                    = {nov.},
  Note                     = {Encarte t\'{e}cnico, p.~8},
  Number                   = {1},
  Volume                   = {ano 1},

  Address                  = {S\~ao Paulo},
  Timestamp                = {2014.09.27}
}

@Article{brasil1997,
  Title                    = {Medida provis\'oria n{$^o$} 1.569-9, de 11 de dezembro de 1997. {E}stabelece multa em opera{\c c}\~oes de importa{\c c}\~ao, e d\'a outras provid\^encias.},
  Journal                  = {Di\'ario Oficial [da] Rep\'ublica Federativa do Brasil},
  Year                     = {1997},

  Month                    = {14 dez.},
  Note                     = {Se{\c c}\~ao~1, p.~29514},

  Address                  = {Bras\'{i}lia, DF},
  Organization             = {Brasil},
  Publisher                = {Poder Executivo},
  Timestamp                = {2014.09.27}
}

@Misc{delosmar1997,
  Title                    = {Resprin},
  Note                     = {Bula de rem\'{e}dio},
  Year                     = {1997},

  Abnt-note                = {N\~ao sabemos porque na `norma' foi formatado desse jeito. Seria mais sensato colocar a empresa como autora e formatar como {\ttfamily manual}. Afinal o que \'{e} uma bula sen\~ao um manual? Veja na refer{\^e}ncia \citeonline{resprinb1997} a nossa [de \citeonline{abnTeX22014d}] sugest\~ao de formata{\c c}\~ao.},
  Address                  = {S\~ao Jos\'{e} dos Campos},
  Furtherresp              = {Respons\'avel t\'{e}cnico Delosmar R.\ Bastos},
  Publisher                = {Johnson \& Johnson},
  Subtitle                 = {comprimidos},
  Timestamp                = {2014.09.27}
}

@Misc{drummond1998,
  Title                    = {Book announcement 13 may 1997},
  Year                     = {1997},

  Furtherresp              = {Produced by J. Drummond},
  Timestamp                = {2014.09.27},
  Url                      = {http://www.bdt.org.br/bioline/DBSearch?BIOLINE-L+READC+57},
  Urlaccessdate            = {25 nov. 1998}
}

@Manual{moreira1997,
  Title                    = {S\~ao Paulo de {V}incenzo {P}astore},
  Note                     = {1 folder. Apoio Minist\'{e}rio da Cultura: Lei Federal de Incentivo \`a Cultura},
  Organization             = {Instituto Moreira Salles},
  Year                     = {1997},

  Subtitle                 = {fotografias: de 26 de abril a 3 de agosto de 1997, {Casa da cultura de Po{\c c}os de Caldas, MG}},
  Timestamp                = {2014.09.27}
}

@Manual{museu1997,
  Title                    = {Museu da Imigra{\c c}\~ao --- S. Paulo},

  Address                  = {S\~ao Paulo},
  Organization             = {Museu~da~Imigra{\c c}\~ao {(S\~ao Paulo, SP)} },
  Year                     = {1997},

  Pages                    = {16},
  Subtitle                 = {cat\'alogo},
  Timestamp                = {2014.09.27}
}

@Misc{parana1997,
  Title                    = {Mapas},
  HowPublished             = {Base de Dados em Microisis, vers\~ao 3.7},
  Year                     = {1997},

  Address                  = {Curitiba},
  Organization             = {Universidade Federal do Paran\'a. {Biblioteca de Ci{\^e}ncia e Tecnologia}},
  Timestamp                = {2014.09.27}
}

@Proceedings{quimica1997,
  Title                    = {Qu\'{i}mica},
  Year                     = {1997},

  Address                  = {S\~ao Paulo},
  Organization             = {Reuni\~ao Anual da Sociedade Brasileira de Qu\'{i}mica},
  Publisher                = {Sociedade Brasileira de Qu\'{i}mica},

  Conference-location      = {Po{\c c}os de Caldas},
  Conference-number        = {20},
  Conference-year          = {1997},
  Subtitle                 = {academia, ind\'ustria, sociedade: livro de resumos},
  Timestamp                = {2014.09.27}
}

@Manual{resprinb1997,
  Title                    = {Resprin},

  Address                  = {S\~ao Jos\'{e} dos Campos},
  Note                     = {Bula de rem\'{e}dio},
  Organization             = {Johnson \& Johnson},
  Year                     = {1997},

  Abnt-note                = {Esta \'{e} a nossa [de \citeonline{abnTeX22014d}] sugest\~ao de formata{\c c}\~ao para a refer{\^e}ncia \citeonline{delosmar1997}.},
  Furtherresp              = {Respons\'avel t\'{e}cnico Delosmar R.\ Bastos},
  Subtitle                 = {comprimidos},
  Timestamp                = {2014.09.27}
}

@Proceedings{cientifica1996,
  Title                    = {Anais eletr\^onicos...},
  Year                     = {1996},

  Address                  = {Recife},
  Organization             = {Congresso de Inicia{\c c}\~ao Cient\'{i}fica da {UFPe}},
  Publisher                = {UFPe},

  Conference-location      = {Recife},
  Conference-number        = {4},
  Conference-year          = {1996},
  Timestamp                = {2014.09.27},
  Url                      = {http://www.propesq.ufpe.br/anais/anais.htm},
  Urlaccessdate            = {21 jan. 1997}
}

@Misc{datum1996,
  Title                    = {Hotel {P}orto do {S}ol {S}\~ao {P}aulo},
  HowPublished             = {Projeto final. Desenhista: Pedro. N. da obra 1744/96/Folha 10},
  Month                    = {15 jul.},
  Year                     = {1996},

  Organization             = {Datum Consultoria e Projetos},
  Subtitle                 = {ar condicionado e ventila{\c c}\~ao mec\^anica: fluxograma hidr\'aulico, central de \'agua gelada},
  Timestamp                = {2014.09.27}
}

@Article{brasil1966,
  Title                    = {Constitui{\c c}\~ao (1988). {E}menda constitucional n{$^o$}9, de 9 de novembro de 1995. {D}\'a nova reda{\c c}\~ao ao art.\ 177 da {C}onstitui{\c c}\~ao {F}ederal, alterando e inserindo par\'agrafos},
  Journal                  = {Lex},
  Year                     = {1995},

  Month                    = {out./dez.},
  Pages                    = {1966},
  Volume                   = {59},

  Address                  = {S\~ao Paulo},
  Organization             = {Brasil},
  Section                  = {Colet\^anea de Legisla{\c c}\~ao e Jurisprud\^encia: legisla{\c c}\~ao federal e margin\'alia},
  Timestamp                = {2014.09.27}
}

@Book{brasil1995,
  Title                    = {C\'odigo civil},
  Publisher                = {Saraiva},
  Year                     = {1995},

  Address                  = {S\~ao Paulo},
  Edition                  = {46},

  Furtherresp              = {Organiza{\c c}\~ao dos textos, notas remissivas e \'{i}ndices por Juarez de Oliveira},
  Organization             = {Brasil},
  Timestamp                = {2014.09.27}
}

@Book{folha1995,
  Title                    = {Brasil: roteiros tur\'{i}sticos},
  Publisher                = {Folha da Manh\~a},
  Year                     = {1995},

  Address                  = {S\~ao Paulo},
  Note                     = {Inclui mapa rodovi\'ario},
  Series                   = {Roteiros tur\'{i}sticos Fiat},

  Pages                    = {319},
  Timestamp                = {2014.09.27}
}

@Misc{microsoft1995,
  Title                    = {Microsoft {P}roject for {W}indows 95, version 4.1},
  HowPublished             = {Conjunto de programas. 1 CD-ROM},
  Year                     = {1995},

  Publisher                = {Microsoft Corporation},
  Subtitle                 = {project planning software},
  Timestamp                = {2014.09.27}
}

@Proceedings{redes1995,
  Title                    = {Anais...},
  Year                     = {1995},

  Address                  = {Belo Horizonte},
  Organization             = {Simp\'osio Brasileiro de Redes de Computadores},
  Publisher                = {UFMG},

  Conference-location      = {Belo Horizonte},
  Conference-number        = {13},
  Conference-year          = {1995},
  Pages                    = {655},
  Timestamp                = {2014.09.27}
}

@InBook{brasil1994,
  Title                    = {S\'umula n{$^o$}14. {N}\~ao \'{e} admiss\'{i}vel por ato administrativo restringir, em raz\~ao de idade, inscri{\c c}\~ao em concurso para cargo p\'ublico},
  Pages                    = {16},
  Publisher                = {Associa{\c c}\~ao dos Advogados do Brasil},
  Year                     = {1994},

  Address                  = {S\~ao Paulo},

  Booktitle                = {S\'umulas},
  Organization             = {Brasil. {Supremo Tribunal de Justi{\c c}a}},
  Timestamp                = {2014.09.27}
}

@Book{FUNDAP1994,
  Title                    = {Perfil da administra{\c c}\~ao p\'ublica paulista},
  Publisher                = {FUNDAP},
  Year                     = {1994},

  Address                  = {S\~ao Paulo},
  Edition                  = {6},
  Note                     = {Inclui \'{i}ndice},

  Dimensions               = {28~cm},
  ISBN                     = {85-7285-026-0},
  Pages                    = {317},
  Timestamp                = {2014.09.27}
}

@Manual{geografico1994,
  Title                    = {Regi\~oes de governo do {E}stado de {S}\~ao {P}aulo},

  Address                  = {S\~ao Paulo},
  Note                     = {Plano Cartogr\'afico do Estado de S\~ao Paulo. Escala 1:2.000},
  Organization             = {Instituto Geogr\'afico e Cartogr\'afico {(S\~ao Paulo, SP)}},
  Year                     = {1994},

  Timestamp                = {2014.09.27}
}

@Manual{vicosa1994,
  Title                    = {Cat\'alogo de gradua{\c c}\~ao, 1994--1995},

  Address                  = {Vi{\c c}osa, MG},
  Organization             = {Universidade Federal de Vi{\c c}osa},
  Year                     = {1994},

  Pages                    = {385},
  Timestamp                = {2014.09.27}
}

@Book{brasileira1993,
  Title                    = {Diagn\'ostico do setor editorial brasileiro},
  Publisher                = {C\^amara Brasileira do Livro},
  Year                     = {1993},

  Address                  = {S\~ao Paulo},

  Pages                    = {64},
  Timestamp                = {2014.09.27}
}

@Booklet{IBICT1993,
  Title                    = {Manual de normas de editora{\c c}\~ao do {IBICT}},

  Address                  = {Bras\'{i}lia, DF},
  Year                     = {1993},

  Edition                  = {2},
  Organization             = {IBICT},
  Pages                    = {41},
  Timestamp                = {2014.09.27}
}

@Manual{justica1993,
  Title                    = {Relat\'orio de atividades},

  Address                  = {Bras\'{i}lia, DF},
  Organization             = {Brasil. {Minist\'{e}rio da Justi{\c c}a}},
  Year                     = {1993},

  Pages                    = {28},
  Timestamp                = {2014.09.27}
}

@Misc{mpc1993,
  Title                    = {Alie's play house},
  HowPublished             = {1 CD-ROM. Windows 3.1},
  Year                     = {1993},

  Address                  = {Palo Alto, CA},
  Publisher                = {MPC/Opcode Interactive},
  Timestamp                = {2014.09.27}
}

@Manual{secretaria1993,
  Title                    = {Diretrizes para a politica ambiental do {E}stado de {S}\~ao {P}aulo},

  Address                  = {S\~ao Paulo},
  Organization             = {S\~ao Paulo {(Estado). Secretaria do Meio Ambiente.}},
  Year                     = {1993},

  Pages                    = {35},
  Timestamp                = {2014.09.27}
}

@Book{tamandare1993,
  Title                    = {Sistema de ensino {T}amandar\'{e}},
  Publisher                = {Col\'{e}gio Curso Tamandar\'{e}},
  Year                     = {1993},

  Address                  = {[Rio de Janeiro]},
  Note                     = {N\~ao paginado},

  Subtitle                 = {sargentos do {E}x\'{e}rcito e da {A}eron\'autica},
  Timestamp                = {2014.09.27}
}

@Manual{universidade1993,
  Title                    = {Cat\'alogo de teses da {U}niversidade de S\~ao Paulo, 1992},

  Address                  = {S\~ao Paulo},
  Organization             = {Universidade de S\~ao Paulo},
  Year                     = {1993},

  Pages                    = {467},
  Timestamp                = {2014.09.27}
}

@Article{leis1991,
  Title                    = {Resolu{\c c}\~ao n{$^o$} 17, de 1991. {A}utoriza o desbloqueio de {L}etras {F}inanceiras do {T}esouro do {E}stado do {R}io {G}rande do {S}ul, atrav\'{e}s de revoga{\c c}\~ao do par\'agrafo 2{$^o$} do artigo 1{$^o$} da {R}esolu{\c c}\~ao n{$^o$} 72, de 1990},
  Journal                  = {Cole{\c c}\~ao de leis da Rep\'ublica Federativa do Brasil},
  Year                     = {1991},

  Month                    = {mai./jun.},
  Pages                    = {1156-1157},
  Volume                   = {183},

  Address                  = {Bras\'{i}lia, DF},
  Organization             = {Brasil. {Congresso. Senado}},
  Timestamp                = {2014.09.27}
}

@Misc{sony1990,
  Title                    = {Pau no gato! Por qu\^e?},
  HowPublished             = {1 CD-ROM. Windows 3.1},
  Year                     = {1990},

  Address                  = {Rio de Janeiro},
  Publisher                = {Sony Music Book Case Multimedia Educational},
  Timestamp                = {2014.09.27}
}

@Manual{secretaria1989,
  Title                    = {Estudo de impacto ambiental --- {EIA} Relat\'orio de Impacto ambiental --- {RIMA}},

  Address                  = {S\~ao Paulo},
  Organization             = {S\~ao Paulo {(Estado). Secretaria do Meio Ambiente. Coordenadoria de Planejamento Ambiental.}},
  Year                     = {1989},

  Pages                    = {48},
  Series                   = {S\'{e}rie Manuais},
  Subtitle                 = {manual de orienta{\c c}\~ao},
  Timestamp                = {2014.09.27}
}

@Book{brasil1988,
  Title                    = {Constitui{\c c}\~ao da Rep\'ublica Federativa do Brasil},
  Publisher                = {Senado},
  Year                     = {1988},

  Address                  = {Bras\'{i}lia, DF},

  Organization             = {Brasil},
  Timestamp                = {2014.09.27},
  Type                     = {Constitui{\c c}\~ao (1988)}
}

@Manual{geografico1986,
  Title                    = {Projeto {L}ins {T}up\~a},

  Address                  = {S\~ao Paulo},
  Note                     = {Fx~28, n.~15. Escala 1:35.000},
  Organization             = {Instituto Geogr\'afico e Cartogr\'afico {(S\~ao Paulo, SP)}},
  Year                     = {1986},

  Subtitle                 = {foto a\'{e}rea},
  Timestamp                = {2014.09.27}
}

@TechReport{biblioteca1985,
  Title                    = {Relat\'orio da diretoria-geral},
  Year                     = {1985},

  Address                  = {Rio de Janeiro},

  Organization             = {Biblioteca Nacional {(Brasil)}},
  Pages                    = {40},
  Subtitle                 = {1984},
  Timestamp                = {2014.09.27}
}

@Misc{ceravi1985,
  Title                    = {O~que acreditar em rela{\c c}\~ao \`a maconha},
  HowPublished             = {22 transpar\^encias, color., 25 cm$\times$20 cm},
  Year                     = {1985},

  Address                  = {S\~ao Paulo},
  Publisher                = {CERAVI},
  Timestamp                = {2014.09.27}
}

@Misc{souza1985,
  Title                    = {O~descobrimento do {B}rasil},
  HowPublished             = {31 diapositivos: color. + 1 fita cassete sonoro (15 min) mono},
  Year                     = {1985},

  Address                  = {S\~ao Paulo},
  Furtherresp              = {Fotografia de Carmem Souza. Grava{\c c}\~ao de Marcos Louren{\c c}o},
  Publisher                = {CERAVI},
  Timestamp                = {2014.09.27}
}

@Proceedings{chemical1984,
  Title                    = {Proceedings...},
  Year                     = {1984},

  Address                  = {Valencia},
  Organization             = {IUFROST International Syposium on Chemical Changes During Food Processing},
  Publisher                = {Instituto de Agroquimica y Tecnologia de Alimentos},

  Conference-location      = {Valencia},
  Conference-year          = {1984},
  Timestamp                = {2014.09.27}
}

@Other{fgv1984,
  Title                    = {Conjuntura Econ\^omica. As 500 maiores empresas do {B}rasil},
  Address                  = {Rio de Janeiro},
  Month                    = {set.},
  Note                     = {Edi{\c c}\~ao Especial},
  Number                   = {9},
  Pages                    = {135},
  Publisher                = {FGV},
  Timestamp                = {2014.09.27},
  Volume                   = {38},
  Year                     = {1984}
}

@TechReport{biblioteca1983,
  Title                    = {O 24 de julho de 1833 e a guerra civil de 1829--1834},
  Year                     = {1983},

  Address                  = {Lisboa},

  Organization             = {Biblioteca Nacional {(Portugal)}},
  Pages                    = {95},
  Timestamp                = {2014.09.27}
}

@Book{ceravi1983,
  Title                    = {Os~perigos do uso de t\'oxicos},
  Publisher                = {CERAVI},
  Year                     = {1983},

  Address                  = {S\~ao Paulo},
  Note                     = {1 fita de v\'{i}deo (30 min), VHS, son., color.},

  Furtherresp              = {Produ{\c c}\~ao de Jorge Ramos de Andrade. Coordena{\c c}\~ao de Maria Izabel Azevedo},
  Timestamp                = {2014.09.27}
}

@Other{ibge1983,
  Title                    = {Pesquisa Nacional por amostra de domic\'{i}lios. M\~ao-de-obra e previd\^encia},
  Abnt-6023-2000-section   = {7.4.2-2},
  Address                  = {Rio de Janeiro},
  Note                     = {Suplemento},
  Publisher                = {IBGE},
  Timestamp                = {2014.09.27},
  Volume                   = {7},
  Year                     = {1983}
}

@Book{britanica1981,
  Title                    = {Atlas Mirador Internacional},
  Publisher                = {Enciclop\'{e}dia Brit\^anica do Brasil},
  Year                     = {1981},

  Address                  = {Rio de Janeiro},

  Timestamp                = {2014.09.27}
}

@Book{libris1981,
  Title                    = {Os~grandes cl\'assicos das poesias l\'{i}ricas},
  Publisher                = {Ex Libris},
  Year                     = {1981},

  Pagename                 = {f.},
  Pages                    = {60},
  Timestamp                = {2014.09.27}
}

@Book{michalany1981,
  Title                    = {Brasil e parte da Am\'{e}rica do Sul},
  Publisher                = {Michalany},
  Year                     = {1981},

  Address                  = {S\~ao Paulo},
  Note                     = {1 mapa, color., 79~cm$\times$95~cm. Escala 1:600.000},

  Subtitle                 = {mapa pol\'{i}tico, escolar, rodovi\'ario, tur\'{i}stico e regional},
  Timestamp                = {2014.09.27}
}

@Proceedings{biblioteconomia1979,
  Title                    = {Anais...},
  Year                     = {1979},

  Address                  = {Curitiba},
  Note                     = {3~v.},
  Organization             = {Congresso Brasileiro de Biblioteconomia e Documenta{\c c}\~ao},
  Publisher                = {Associa{\c c}\~ao Bibliotec\'aria do Paran\'a},

  Conference-location      = {Curitiba},
  Conference-number        = {10},
  Conference-year          = {1979},
  Timestamp                = {2014.09.27}
}

@Article{lex1943,
  Title                    = {Consolida{\c c}\~ao das {L}eis do {T}rabalho. {D}ecreto-lei n{$^o$}5.252 de 1 de maio de 1943. {A}prova a consolida{\c c}\~ao das leis do trabalho},
  Journal                  = {Lex},
  Year                     = {1943},
  Note                     = {Suplemento},
  Volume                   = {7},

  Address                  = {S\~ao Paulo},
  Organization             = {Brasil},
  Section                  = {Colet\^anea de Legisla{\c c}\~ao: edi{\c c}\~ao federal},
  Timestamp                = {2014.09.27}
}

